"Count","Tradelist Count","Name","Edition","Condition","Language","Foil","Tags","Last Modified","Collector Number","Alter","Proxy","Purchase Price"
"4","4","Abiding Grace","mh2","Near Mint","English","","","2024-12-30 19:25:03.727000","1","False","False",""
"1","1","Abstruse Archaic","cmm","Near Mint","English","","","2025-01-02 03:18:57.677000","712","False","False",""
"1","1","Access Tunnel","ltc","Near Mint","English","","","2025-01-02 03:17:40.530000","294","False","False",""
"1","1","Acererak the Archlich","sld","Near Mint","English","foil","","2024-12-31 05:27:47.033000","1784","False","False",""
"2","2","Acolyte of Affliction","thb","Near Mint","English","foil","","2025-01-02 01:42:16.727000","206","False","False",""
"1","1","Aegis Angel","w16","Near Mint","English","","","2024-12-30 19:27:38.423000","1","False","False",""
"2","2","Agate Assault","blb","Near Mint","English","","","2024-12-31 06:18:18.137000","122","False","False",""
"3","3","Agate-Blade Assassin","blb","Near Mint","English","","","2024-12-30 21:51:51.247000","82","False","False",""
"1","1","Agent of the Shadow Thieves","clb","Near Mint","English","foil","","2024-12-31 08:51:06.657000","108","False","False",""
"2","2","Aggressive Urge","rix","Near Mint","English","foil","","2025-01-01 20:37:43.757000","122","False","False",""
"1","1","Agonizing Remorse","thb","Near Mint","English","foil","","2025-01-02 01:01:13.990000","83","False","False",""
"1","1","Ahn-Crop Invader","war","Near Mint","English","foil","","2025-01-01 23:34:10.767000","113","False","False",""
"1","1","Ajani, Strength of the Pride","m20","Near Mint","English","","","2024-12-30 20:12:47.807000","2","False","False",""
"1","1","Ajani, Strength of the Pride","plst","Near Mint","English","","","2025-01-02 03:35:14.457000","M20-2","False","False",""
"1","1","Akroma, Angel of Fury","sld","Near Mint","English","foil","","2025-01-01 20:08:14.117000","1287","False","False",""
"1","1","Akroma, Angel of Wrath","sld","Near Mint","English","foil","","2024-12-30 18:30:42.307000","489","False","False",""
"1","1","Akroma's Will","lcc","Near Mint","English","","","2025-01-02 03:20:11.470000","125","False","False",""
"1","1","Alania's Pathmaker","blb","Near Mint","English","","","2024-12-30 21:02:23.033000","123","False","False",""
"1","1","Alela, Artful Provocateur","brc","Near Mint","English","","","2025-01-02 03:34:38.403000","119","False","False",""
"1","1","Alirios, Enraptured","thb","Near Mint","English","foil","","2025-01-02 00:16:42.187000","42","False","False",""
"1","1","All Is Dust","cmm","Near Mint","English","","","2025-01-02 03:18:57.677000","800","False","False",""
"6","6","Ambush Viper","cmr","Near Mint","English","foil","","2025-01-01 21:04:45.147000","213","False","False",""
"2","2","Amorphous Axe","cmr","Near Mint","English","foil","","2025-01-02 01:56:16.220000","295","False","False",""
"2","2","Amrou Scout","tsr","Near Mint","English","foil","","2024-12-30 20:12:54.973000","1","False","False",""
"1","1","Amrou Seekers","tsr","Near Mint","English","foil","","2024-12-30 20:13:00.377000","2","False","False",""
"6","6","Ancestral Blade","cmr","Near Mint","English","foil","","2024-12-30 20:13:09.893000","5","False","False",""
"5","5","Ancient Animus","cmr","Near Mint","English","foil","","2025-01-01 21:05:00.340000","215","False","False",""
"1","1","Ancient Den","brc","Near Mint","English","","","2025-01-02 03:34:38.403000","172","False","False",""
"1","1","Ancient Stone Idol","cmm","Near Mint","English","","","2025-01-02 03:18:57.677000","940","False","False",""
"20","20","Angel","tdmu","Near Mint","English","","","2024-12-30 20:35:54.813000","1","False","False",""
"1","1","Angel of Condemnation","hou","Near Mint","English","","","2024-12-30 19:28:02.667000","3","False","False",""
"1","1","Angel of Destiny","plst","Near Mint","English","foil","","2025-01-02 03:35:14.457000","ZNR-2","False","False",""
"1","1","Angel of Finality","sld","Near Mint","English","foil","","2025-01-02 03:35:14.457000","1342","False","False",""
"1","1","Angel of Salvation","ddf","Near Mint","English","","","2024-12-30 19:27:49.043000","20","False","False",""
"1","1","Angel of Serenity","plst","Near Mint","English","foil","","2025-01-02 03:35:14.457000","RTR-1","False","False",""
"2","2","Angel of the Dawn","cmr","Near Mint","English","foil","","2024-12-30 19:26:58.793000","6","False","False",""
"1","1","Angel of the Ruins","brc","Near Mint","English","","","2025-01-02 03:34:38.403000","68","False","False",""
"1","1","Angel of the Ruins","sld","Near Mint","English","foil","","2025-01-02 03:35:14.457000","1343","False","False",""
"1","1","Angel of Vitality","plst","Near Mint","English","foil","","2025-01-02 03:35:14.457000","M20-4","False","False",""
"1","1","Angelheart Vial","roe","Near Mint","English","","","2024-12-30 19:29:46.977000","215","False","False",""
"1","1","Angelic Accord","plst","Near Mint","English","","","2025-01-02 03:35:14.457000","M14-3","False","False",""
"3","3","Angelic Armaments","cmr","Near Mint","English","foil","","2025-01-02 01:58:59.810000","296","False","False",""
"1","1","Angelic Destiny","m12","Near Mint","English","","","2024-12-30 19:25:20.060000","3","False","False",""
"1","1","Angelic Field Marshal","plst","Near Mint","English","foil","","2025-01-02 03:35:14.457000","CMM-13","False","False",""
"3","3","Angelic Gift","cmr","Near Mint","English","foil","","2024-12-30 19:25:26.383000","7","False","False",""
"2","2","Angel's Feather","m12","Near Mint","English","","","2024-12-30 19:25:47.640000","202","False","False",""
"1","1","Anger","ltc","Near Mint","English","","","2025-01-02 03:16:17.650000","210","False","False",""
"1","1","Anguished Unmaking","ltc","Near Mint","English","","","2025-01-02 03:17:40.530000","265","False","False",""
"3","3","Annoyed Altisaur","cmr","Near Mint","English","foil","","2025-01-01 20:54:18.273000","216","False","False",""
"3","3","Anointer of Valor","cmr","Near Mint","English","foil","","2024-12-30 19:27:29.803000","8","False","False",""
"1","1","Anointer of Valor","2x2","Near Mint","English","foil","","2024-12-30 19:27:33.020000","6","False","False",""
"1","1","Apex Altisaur","lcc","Near Mint","English","","","2025-01-02 03:20:11.470000","232","False","False",""
"1","1","Aqueous Form","cmr","Near Mint","English","foil","","2025-01-02 00:06:56.617000","56","False","False",""
"1","1","Aragorn, King of Gondor","ltc","Near Mint","English","foil","","2025-01-02 03:15:14.220000","5","False","False",""
"1","1","Arbor Elf","ltc","Near Mint","English","","","2025-01-02 03:16:37.853000","232","False","False",""
"1","1","Arc Blade","tsr","Near Mint","English","foil","","2025-01-01 20:17:34.520000","152","False","False",""
"1","1","Arcane Denial","ltc","Near Mint","English","","","2025-01-02 03:16:17.650000","184","False","False",""
"1","1","Arcane Lighthouse","cmm","Near Mint","English","","","2025-01-02 03:18:57.677000","985","False","False",""
"1","1","Arcane Sanctum","brc","Near Mint","English","","","2025-01-02 03:34:38.403000","173","False","False",""
"4","4","Arcane Signet","ltc","Near Mint","English","","","2025-01-02 03:17:40.530000","273","False","False",""
"1","1","Arcane Signet","clb","Near Mint","English","","","2025-01-02 03:35:54.547000","298","False","False",""
"1","1","Arcane Signet","brc","Near Mint","English","","","2025-01-02 03:34:38.403000","132","False","False",""
"1","1","Arcane Signet","plst","Near Mint","English","","","2025-01-02 03:35:14.457000","ELD-331","False","False",""
"1","1","Arcane Signet","sld","Near Mint","English","foil","","2024-12-31 05:41:35.250000","1492★","False","False",""
"1","1","Arcane Signet","lcc","Near Mint","English","","","2025-01-02 03:20:11.470000","299","False","False",""
"1","1","Arcane Subtraction","stx","Near Mint","English","foil","","2025-01-02 00:09:53.770000","36","False","False",""
"1","1","Arch of Orazca","lcc","Near Mint","English","","","2025-01-02 03:20:11.470000","319","False","False",""
"1","1","Arch of Orazca","cmm","Near Mint","English","","","2025-01-02 03:18:57.677000","986","False","False",""
"1","1","Arch of Orazca","plst","Near Mint","English","","","2025-01-02 03:35:14.457000","RIX-185","False","False",""
"1","1","Archangel Elspeth","mom","Near Mint","English","foil","","2024-12-30 18:31:06.553000","6","False","False",""
"1","1","Archangel of Thune","sld","Near Mint","English","foil","","2025-01-02 03:35:14.457000","1337","False","False",""
"1","1","Archangel of Tithes","plst","Near Mint","English","foil","","2025-01-02 03:35:14.457000","ORI-4","False","False",""
"1","1","Archivist of Gondor","ltc","Near Mint","English","","","2025-01-02 03:15:14.220000","18","False","False",""
"4","4","Archon of Falling Stars","thb","Near Mint","English","foil","","2024-12-30 20:13:17.993000","2","False","False",""
"1","1","Archpriest of Iona","clb","Near Mint","English","","","2025-01-02 03:35:54.547000","686","False","False",""
"1","1","Arden Angel","sld","Near Mint","English","foil","","2025-01-02 03:35:14.457000","1344","False","False",""
"1","1","Ardenvale Paladin","eld","Near Mint","English","foil","","2024-12-30 20:13:24.677000","4","False","False",""
"1","1","Armament of Nyx","jou","Near Mint","English","foil","","2024-12-30 20:13:31.583000","4","False","False",""
"1","1","Armix, Filigree Thrasher","brc","Near Mint","English","","","2025-01-02 03:34:38.403000","103","False","False",""
"2","2","Armory of Iroas","cmr","Near Mint","English","foil","","2025-01-02 01:54:33.490000","299","False","False",""
"1","1","Arrow Volley Trap","zen","Near Mint","English","foil","","2024-12-30 20:13:39.437000","2","False","False",""
"1","1","Artisan of Kozilek","cmm","Near Mint","English","","","2025-01-02 03:18:57.677000","801","False","False",""
"1","1","Artist's Talent","blb","Near Mint","English","","","2024-12-31 06:04:04.390000","124","False","False",""
"1","1","Arwen, Weaver of Hope","ltc","Near Mint","English","","","2025-01-02 03:16:37.853000","35","False","False",""
"1","1","Asceticism","ltc","Near Mint","English","","","2025-01-02 03:16:37.853000","233","False","False",""
"2","2","Ash Barrens","ltc","Near Mint","English","","","2025-01-02 03:17:40.530000","295","False","False",""
"1","1","Ash Barrens","clb","Near Mint","English","","","2025-01-02 03:35:54.547000","880","False","False",""
"1","1","Ash Barrens","brc","Near Mint","English","","","2025-01-02 03:34:38.403000","174","False","False",""
"2","2","Assassinate","tsr","Near Mint","English","foil","","2025-01-02 01:14:24.823000","101","False","False",""
"1","1","Assemble the Entmoot","ltc","Near Mint","English","","","2025-01-02 03:17:40.530000","36","False","False",""
"1","1","Attended Healer","znr","Near Mint","English","foil","","2024-12-30 20:13:47.303000","6","False","False",""
"1","1","Atzocan Seer","lcc","Near Mint","English","","","2025-01-02 03:20:11.470000","265","False","False",""
"1","1","Austere Command","plst","Near Mint","English","","","2025-01-02 03:35:14.457000","LRW-3","False","False",""
"1","1","Austere Command","brc","Near Mint","English","","","2025-01-02 03:34:38.403000","69","False","False",""
"1","1","Austere Command","clb","Near Mint","English","","","2025-01-02 03:35:54.547000","687","False","False",""
"10","10","Avalanche Caller","khm","Near Mint","English","foil","","2025-01-02 00:10:35.023000","45","False","False",""
"1","1","Aven Mindcensor","clb","Near Mint","English","","","2025-01-02 03:35:54.547000","688","False","False",""
"1","1","Aven Riftwatcher","tsr","Near Mint","English","foil","","2024-12-30 20:13:51.673000","6","False","False",""
"4","4","Aven Surveyor","cmr","Near Mint","English","foil","","2025-01-02 00:23:46.493000","57","False","False",""
"1","1","Avenging Arrow","rtr","Near Mint","English","foil","","2024-12-30 20:13:57.017000","4","False","False",""
"1","1","Azorius Arrester","rtr","Near Mint","English","foil","","2024-12-30 20:14:02.027000","5","False","False",""
"1","1","Azorius Chancery","brc","Near Mint","English","","","2025-01-02 03:34:38.403000","175","False","False",""
"1","1","Azorius Cluestone","dgm","Near Mint","English","foil","","2025-01-02 01:59:52.137000","136","False","False",""
"1","1","Azorius Signet","brc","Near Mint","English","","","2025-01-02 03:34:38.403000","133","False","False",""
"1","1","Baba Lysaga, Night Witch","clb","Near Mint","English","foil","","2024-12-31 08:55:14.623000","266","False","False",""
"1","1","Back to Nature","m11","Near Mint","English","","","2024-12-31 08:15:31.800000","164","False","False",""
"1","1","Bake into a Pie","eld","Near Mint","English","foil","","2025-01-02 01:15:29.560000","76","False","False",""
"1","1","Bakersbane Duo","blb","Near Mint","English","","","2024-12-31 05:48:22.293000","163","False","False",""
"1","1","Baleful Strix","brc","Near Mint","English","","","2025-01-02 03:34:38.403000","120","False","False",""
"1","1","Bane of Bala Ged","cmm","Near Mint","English","","","2025-01-02 03:18:57.677000","802","False","False",""
"1","1","Banishing Light","ltc","Near Mint","English","","","2025-01-02 03:15:14.220000","161","False","False",""
"2","2","Banishing Light","blb","Near Mint","English","","","2024-12-31 05:46:06.727000","1","False","False",""
"1","1","Banquet Guests","ltc","Near Mint","English","","","2025-01-02 03:17:40.530000","47","False","False",""
"1","1","Barad-dûr","ltr","Near Mint","English","","","2024-12-31 08:02:48.387000","340","False","False",""
"1","1","Barge In","eld","Near Mint","English","foil","","2025-01-01 20:21:16.143000","112","False","False",""
"1","1","Barkform Harvester","blb","Near Mint","English","","","2024-12-31 06:23:43.603000","243","False","False",""
"1","1","Bartolomé del Presidio","lci","Near Mint","English","foil","","2024-12-31 08:20:22.300000","301","False","False",""
"1","1","Basalt Gargoyle","tsr","Near Mint","English","foil","","2025-01-01 23:35:42.770000","153","False","False",""
"1","1","Basalt Monolith","ltc","Near Mint","English","","","2025-01-02 03:16:17.650000","274","False","False",""
"3","3","Basalt Ravager","khm","Near Mint","English","foil","","2025-01-01 23:43:29.770000","122","False","False",""
"1","1","Basri's Solidarity","m21","Near Mint","English","foil","","2024-12-30 20:14:05.793000","10","False","False",""
"1","1","Bastion Protector","ltc","Near Mint","English","","","2025-01-02 03:15:14.220000","162","False","False",""
"6","6","Battershield Warrior","khm","Near Mint","English","","","2024-12-30 20:15:58.193000","2","False","False",""
"1","1","Battlefield Forge","ltc","Near Mint","English","","","2025-01-02 03:15:14.220000","296","False","False",""
"1","1","Battlefield Promotion","war","Near Mint","English","foil","","2024-12-30 20:14:53.510000","5","False","False",""
"1","1","Battle-Rattle Shaman","2xm","Near Mint","English","foil","","2025-01-01 23:41:06.747000","116","False","False",""
"1","1","Beacon of Tomorrows","sld","Near Mint","English","foil","","2024-12-31 05:42:31.660000","1497★","False","False",""
"1","1","Beast Within","ltc","Near Mint","English","","","2025-01-02 03:16:37.853000","234","False","False",""
"1","1","Bellowing Aegisaur","lcc","Near Mint","English","","","2025-01-02 03:20:11.470000","127","False","False",""
"1","1","Bellowing Crier","blb","Near Mint","English","","","2024-12-31 05:54:44.487000","42","False","False",""
"1","1","Bellowing Crier","blb","Near Mint","English","foil","","2024-12-31 05:54:59.297000","42","False","False",""
"1","1","Beloved Princess","eld","Near Mint","English","foil","","2024-12-30 20:16:17.380000","7","False","False",""
"2","2","Benalish Cavalry","tsr","Near Mint","English","foil","","2024-12-30 20:16:23.383000","7","False","False",""
"1","1","Benevolent Blessing","cmr","Near Mint","English","foil","","2024-12-30 20:16:39.777000","13","False","False",""
"1","1","Beregond of the Guard","ltc","Near Mint","English","","","2025-01-02 03:15:14.220000","9","False","False",""
"1","1","Beskir Shieldmate","khm","Near Mint","English","foil","","2024-12-30 20:16:44.390000","4","False","False",""
"1","1","Bestial Menace","mic","Near Mint","English","","","2024-12-31 08:15:12.570000","134","False","False",""
"1","1","Bident of Thassa","brc","Near Mint","English","","","2025-01-02 03:34:38.403000","80","False","False",""
"1","1","Bilbo, Birthday Celebrant","ltc","Near Mint","English","","","2025-01-02 03:17:40.530000","48","False","False",""
"1","1","Bill the Pony","ltr","Near Mint","English","","","2024-12-31 07:42:37.157000","3","False","False",""
"1","1","Birds of Paradise","ltc","Near Mint","English","","","2025-01-02 03:17:40.530000","235","False","False",""
"4","4","Bishop of Wings","m20","Near Mint","English","","","2024-12-30 20:41:02.270000","8","False","False",""
"1","1","Bishop of Wings","plst","Near Mint","English","","","2025-01-02 03:35:14.457000","M20-8","False","False",""
"1","1","Bitter Downfall","ltr","Near Mint","English","","","2025-01-02 03:16:17.650000","77","False","False",""
"5","5","Bitter Revelation","cmr","Near Mint","English","foil","","2025-01-02 01:17:20.133000","109","False","False",""
"1","1","Black Market Connections","clb","Near Mint","English","","","2025-01-02 03:35:54.547000","669","False","False",""
"1","1","Blackbloom Rogue // Blackbloom Bog","znr","Near Mint","English","foil","","2025-01-02 01:07:14.930000","91","False","False",""
"2","2","Blacksmith's Talent","blb","Near Mint","English","","","2024-12-31 06:02:37.343000","125","False","False",""
"2","2","Blade of the Sixth Pride","tsr","Near Mint","English","foil","","2024-12-30 20:16:49.860000","9","False","False",""
"1","1","Bladebrand","cmr","Near Mint","English","foil","","2025-01-02 01:01:54.493000","110","False","False",""
"1","1","Blasphemous Act","ltc","Near Mint","English","","","2025-01-02 03:16:17.650000","211","False","False",""
"1","1","Blast Zone","cmm","Near Mint","English","","","2025-01-02 03:18:57.677000","987","False","False",""
"1","1","Blinding Mage","ima","Near Mint","English","foil","","2024-12-30 20:16:54.157000","13","False","False",""
"2","2","Blood Aspirant","thb","Near Mint","English","foil","","2025-01-01 23:22:10.137000","128","False","False",""
"1","1","Blood Researcher","stx","Near Mint","English","foil","","2025-01-02 01:43:13.450000","166","False","False",""
"5","5","Bloodsky Berserker","khm","Near Mint","English","foil","","2025-01-02 00:57:11.540000","80","False","False",""
"1","1","Bloodsoaked Champion","clb","Near Mint","English","","","2025-01-02 03:35:54.547000","740","False","False",""
"1","1","Blooming Blast","blb","Near Mint","English","","","2024-12-31 06:05:14.067000","126","False","False",""
"4","4","Blossoming Sands","frf","Near Mint","English","","","2024-12-30 19:37:20.200000","166","False","False",""
"2","2","Boarding Party","cmr","Near Mint","English","foil","","2025-01-01 23:49:35.993000","163","False","False",""
"1","1","Bojuka Bog","brc","Near Mint","English","","","2025-01-02 03:34:38.403000","176","False","False",""
"1","1","Bojuka Bog","clb","Near Mint","English","","","2025-01-02 03:35:54.547000","882","False","False",""
"1","1","Bombadil's Song","ltr","Near Mint","English","foil","","2024-12-31 07:57:34.007000","154","False","False",""
"1","1","Bombadil's Song","ltr","Near Mint","English","","","2024-12-31 07:55:50.533000","154","False","False",""
"1","1","Bombard","rix","Near Mint","English","foil","","2025-01-01 20:19:21.930000","93","False","False",""
"1","1","Bonded Fetch","tsr","Near Mint","English","foil","","2025-01-02 00:20:53.553000","54","False","False",""
"1","1","Bonders' Enclave","plst","Near Mint","English","","","2025-01-02 03:35:14.457000","IKO-245","False","False",""
"1","1","Bonders' Enclave","cmm","Near Mint","English","","","2025-01-02 03:18:57.677000","988","False","False",""
"2","2","Bone Picker","2xm","Near Mint","English","foil","","2025-01-02 01:19:27.347000","78","False","False",""
"2","2","Bonebind Orator","blb","Near Mint","English","","","2024-12-30 21:58:02.023000","84","False","False",""
"1","1","Boon of the Wish-Giver","ltc","Near Mint","English","","","2025-01-02 03:16:17.650000","185","False","False",""
"1","1","Boromir, Gondor's Hope","ltc","Near Mint","English","","","2025-01-02 03:15:14.220000","49","False","False",""
"4","4","Boros Cluestone","dgm","Near Mint","English","","","2024-12-30 19:50:15.140000","137","False","False",""
"1","1","Boros Cluestone","dgm","Near Mint","English","foil","","2025-01-02 02:00:12.597000","137","False","False",""
"1","1","Boros Garrison","gk1","Near Mint","English","","","2024-12-30 19:44:49.457000","98","False","False",""
"1","1","Boros Guildgate","grn","Near Mint","English","","","2024-12-30 19:40:17.060000","243","False","False",""
"1","1","Boros Guildgate","grn","Near Mint","English","","","2024-12-30 19:40:51.887000","244","False","False",""
"2","2","Boros Guildgate","gtc","Near Mint","English","","","2024-12-30 19:40:05.077000","239","False","False",""
"2","2","Boros Keyrune","gtc","Near Mint","English","","","2024-12-30 19:51:21.880000","227","False","False",""
"2","2","Boros Locket","grn","Near Mint","English","","","2024-12-30 19:52:06.103000","231","False","False",""
"3","3","Boros Signet","cmd","Near Mint","English","","","2024-12-30 19:50:45.213000","243","False","False",""
"2","2","Bound in Silence","tsr","Near Mint","English","foil","","2024-12-30 20:17:03.443000","10","False","False",""
"1","1","Brave the Elements","zen","Near Mint","English","","","2024-12-30 19:21:42.273000","4","False","False",""
"1","1","Brazen Collector","blb","Near Mint","English","","","2024-12-30 20:59:49.297000","128","False","False",""
"7","7","Brazen Freebooter","cmr","Near Mint","English","foil","","2025-01-01 23:39:13.620000","164","False","False",""
"1","1","Breaker of Creation","mh3","Near Mint","English","","","2024-12-31 08:24:48.363000","1","False","False",""
"1","1","Breathkeeper Seraph","sld","Near Mint","English","foil","","2025-01-02 03:35:14.457000","1345","False","False",""
"1","1","Breeches, Eager Pillager","lci","Near Mint","English","","","2024-12-31 08:20:43.280000","294","False","False",""
"1","1","Briarblade Adept","cmr","Near Mint","English","foil","","2025-01-02 01:26:03.253000","111","False","False",""
"1","1","Brisela, Voice of Nightmares","sld","Near Mint","English","foil","","2025-01-02 03:35:14.457000","1336b","False","False",""
"1","1","Brokkos, Apex of Forever","iko","Near Mint","English","","","2025-01-01 20:35:26.610000","299","False","False",""
"1","1","Bronze Guardian","brc","Near Mint","English","","","2025-01-02 03:34:38.403000","70","False","False",""
"1","1","Bronzebeak Foragers","lcc","Near Mint","English","","","2025-01-02 03:20:11.470000","69","False","False",""
"1","1","Bruna, the Fading Light","sld","Near Mint","English","","","2025-01-01 20:29:40.293000","1388","False","False",""
"1","1","Bruna, the Fading Light","sld","Near Mint","English","foil","","2025-01-02 03:35:14.457000","1336","False","False",""
"1","1","Brushland","ltc","Near Mint","English","","","2025-01-02 03:17:40.530000","297","False","False",""
"1","1","Bumbleflower's Sharepot","blb","Near Mint","English","","","2024-12-31 06:23:19.240000","244","False","False",""
"1","1","Burakos, Party Leader","clb","Near Mint","English","foil","","2025-01-02 03:35:54.547000","653","False","False",""
"1","1","Burning Anger","cmr","Near Mint","English","foil","","2025-01-01 20:21:49.110000","166","False","False",""
"1","1","Burnished Hart","cmm","Near Mint","English","","","2025-01-02 03:18:57.677000","373","False","False",""
"1","1","Bushy Bodyguard","tblb","Near Mint","English","","","2024-12-30 22:10:46.990000","20","False","False",""
"1","1","Butcher of Malakir","clb","Near Mint","English","","","2025-01-02 03:35:54.547000","741","False","False",""
"1","1","Butterbur, Bree Innkeeper","ltr","Near Mint","English","","","2025-01-02 03:17:40.530000","197","False","False",""
"1","1","Bygone Bishop","clb","Near Mint","English","","","2025-01-02 03:35:54.547000","689","False","False",""
"1","1","Cache Grab","blb","Near Mint","English","","","2024-12-30 22:00:00.250000","167","False","False",""
"1","1","Cage of Hands","cmr","Near Mint","English","foil","","2024-12-30 20:17:07.380000","14","False","False",""
"1","1","Calamitous Tide","blb","Near Mint","English","","","2024-12-31 06:02:09.033000","43","False","False",""
"1","1","Calamity of the Titans","cmm","Near Mint","English","","","2025-01-02 03:18:57.677000","713","False","False",""
"2","2","Calciderm","tsr","Near Mint","English","foil","","2024-12-30 20:17:10.463000","11","False","False",""
"1","1","Calculating Lich","clb","Near Mint","English","","","2025-01-02 03:35:54.547000","742","False","False",""
"1","1","Call for Aid","ltc","Near Mint","English","","","2025-01-02 03:15:14.220000","30","False","False",""
"1","1","Call for Unity","ltc","Near Mint","English","","","2025-01-02 03:17:40.530000","163","False","False",""
"1","1","Callaphe, Beloved of the Sea","thb","Near Mint","English","foil","","2025-01-02 00:14:57.330000","45","False","False",""
"11","11","Callaphe, Beloved of the Sea","thb","Near Mint","English","foil","","2025-01-02 00:15:27.973000","260","False","False",""
"1","1","Campus Guide","stx","Near Mint","English","foil","","2025-01-02 01:55:25.003000","252","False","False",""
"1","1","Candlekeep Sage","clb","Near Mint","English","etched","","2024-12-31 08:41:58.983000","482","False","False",""
"1","1","Canopy Vista","ltc","Near Mint","English","","","2025-01-02 03:17:40.530000","298","False","False",""
"1","1","Canopy Vista","lcc","Near Mint","English","","","2025-01-02 03:20:11.470000","321","False","False",""
"1","1","Captain's Call","m13","Near Mint","English","foil","","2024-12-30 20:17:35.270000","9","False","False",""
"1","1","Captain's Call","cmr","Near Mint","English","foil","","2024-12-30 20:17:27.217000","15","False","False",""
"1","1","Caretaker's Talent","blb","Near Mint","English","","","2024-12-30 20:57:10.123000","6","False","False",""
"3","3","Carrot Cake","blb","Near Mint","English","","","2024-12-30 20:57:03.820000","7","False","False",""
"1","1","Cast Down","clb","Near Mint","English","foil","","2024-12-31 08:51:29.760000","119","False","False",""
"1","1","Castle Locthwain","clb","Near Mint","English","","","2025-01-02 03:35:54.547000","884","False","False",""
"1","1","Castle Raptors","tsr","Near Mint","English","foil","","2024-12-30 20:17:46.890000","12","False","False",""
"1","1","Cathodion","2xm","Near Mint","English","foil","","2025-01-02 02:00:27.133000","237","False","False",""
"1","1","Cavern Lampad","ths","Near Mint","English","foil","","2025-01-02 01:21:46.187000","81","False","False",""
"1","1","Cavern-Hoard Dragon","ltc","Near Mint","English","","","2025-01-02 03:16:17.650000","31","False","False",""
"1","1","Celeborn the Wise","ltr","Near Mint","English","","","2025-01-02 03:16:37.853000","156","False","False",""
"1","1","Celestial Purge","m11","Near Mint","English","","","2024-12-30 19:22:44.240000","9","False","False",""
"2","2","Champion of the Flame","cmr","Near Mint","English","foil","","2025-01-01 23:28:23.373000","167","False","False",""
"1","1","Champions of Minas Tirith","ltc","Near Mint","English","","","2025-01-02 03:15:14.220000","10","False","False",""
"1","1","Chance-Met Elves","ltr","Near Mint","English","","","2024-12-31 07:58:21.900000","157","False","False",""
"1","1","Chandra, Heart of Fire","m21","Near Mint","English","","","2025-01-01 20:08:34.153000","135","False","False",""
"1","1","Chandra's Ignition","lcc","Near Mint","English","","","2025-01-02 03:20:11.470000","220","False","False",""
"1","1","Chandra's Magmutt","m21","Near Mint","English","foil","","2025-01-01 20:16:18.337000","137","False","False",""
"1","1","Changeling Outcast","clb","Near Mint","English","","","2025-01-02 03:35:54.547000","743","False","False",""
"1","1","Chief of the Foundry","brc","Near Mint","English","","","2025-01-02 03:34:38.403000","134","False","False",""
"1","1","Choked Estuary","ltc","Near Mint","English","","","2025-01-02 03:16:17.650000","299","False","False",""
"1","1","Chromatic Lantern","ltc","Near Mint","English","","","2025-01-02 03:17:40.530000","275","False","False",""
"1","1","Chrome Courier","brc","Near Mint","English","","","2025-01-02 03:34:38.403000","123","False","False",""
"1","1","Cinder Glade","lcc","Near Mint","English","","","2025-01-02 03:20:11.470000","323","False","False",""
"1","1","Círdan the Shipwright","ltc","Near Mint","English","","","2025-01-02 03:16:37.853000","50","False","False",""
"1","1","Cleansing Nova","plst","Near Mint","English","","","2025-01-02 03:35:14.457000","C21-86","False","False",""
"4","4","Cleric Class","afr","Near Mint","English","","","2024-12-30 19:24:42.823000","6","False","False",""
"1","1","Clifftop Retreat","ltc","Near Mint","English","","","2025-01-02 03:15:14.220000","300","False","False",""
"1","1","Clifftop Retreat","lcc","Near Mint","English","","","2025-01-02 03:20:11.470000","324","False","False",""
"1","1","Clockwork Hydra","tsr","Near Mint","English","foil","","2025-01-02 02:03:50.097000","264","False","False",""
"4","4","Cloudshift","avr","Near Mint","English","","","2024-12-30 18:31:41.647000","12","False","False",""
"1","1","Coal Stoker","tsr","Near Mint","English","foil","","2025-01-01 23:42:07.597000","159","False","False",""
"2","2","Coastline Marauders","cmr","Near Mint","English","foil","","2025-01-01 23:34:33.790000","168","False","False",""
"1","1","Cogwork Archivist","stx","Near Mint","English","foil","","2025-01-02 02:05:05.743000","254","False","False",""
"1","1","Collar the Culprit","grn","Near Mint","English","foil","","2024-12-30 20:17:54.287000","5","False","False",""
"1","1","Colossal Plow","khm","Near Mint","English","foil","","2025-01-02 01:53:24.073000","236","False","False",""
"1","1","Colossal Whale","ltc","Near Mint","English","","","2025-01-02 03:16:37.853000","186","False","False",""
"1","1","Combat Celebrant","ltc","Near Mint","English","","","2025-01-02 03:15:14.220000","212","False","False",""
"1","1","Command Tower","clb","Near Mint","English","","","2025-01-02 03:35:54.547000","351","False","False",""
"1","1","Command Tower","lcc","Near Mint","English","","","2025-01-02 03:20:11.470000","325","False","False",""
"1","1","Command Tower","sld","Near Mint","English","foil","","2024-12-31 05:34:56.177000","1496★","False","False",""
"1","1","Command Tower","brc","Near Mint","English","","","2025-01-02 03:34:38.403000","178","False","False",""
"4","4","Command Tower","ltc","Near Mint","English","","","2025-01-02 03:17:40.530000","301","False","False",""
"1","1","Commander's Plate","sld","Near Mint","English","foil","","2025-01-02 03:35:14.457000","1339","False","False",""
"1","1","Commander's Sphere","mic","Near Mint","English","","","2024-12-31 08:07:00.343000","159","False","False",""
"1","1","Commander's Sphere","cmm","Near Mint","English","foil","","2025-01-01 20:15:42.237000","655","False","False",""
"4","4","Commander's Sphere","ltc","Near Mint","English","","","2025-01-02 03:17:40.530000","276","False","False",""
"1","1","Commanding Presence","thb","Near Mint","English","foil","","2024-12-30 20:18:03.083000","7","False","False",""
"1","1","Concordia Pegasus","rtr","Near Mint","English","foil","","2024-12-30 20:17:57.920000","8","False","False",""
"1","1","Consider","ltc","Near Mint","English","","","2025-01-02 03:16:17.650000","187","False","False",""
"1","1","Corpse Augur","clb","Near Mint","English","","","2025-01-02 03:35:54.547000","744","False","False",""
"4","4","Corpse Churn","cmr","Near Mint","English","foil","","2025-01-02 00:58:43.897000","113","False","False",""
"1","1","Corpseberry Cultivator","blb","Near Mint","English","","","2024-12-31 06:21:08.830000","210","False","False",""
"1","1","Corrupted Shapeshifter","mh3","Near Mint","English","","","2024-12-31 08:46:13.793000","56","False","False",""
"1","1","Corsairs of Umbar","ltc","Near Mint","English","","","2025-01-02 03:16:17.650000","19","False","False",""
"1","1","Cosmos Elixir","plst","Near Mint","English","","","2025-01-02 03:35:14.457000","KHM-237","False","False",""
"4","4","Cosmos Elixir","khm","Near Mint","English","foil","","2024-12-30 19:26:15.327000","237","False","False",""
"1","1","Costly Plunder","2xm","Near Mint","English","foil","","2025-01-02 01:02:09.123000","80","False","False",""
"1","1","Court of Grace","sld","Near Mint","English","foil","","2025-01-02 03:35:14.457000","1338","False","False",""
"1","1","Court of Ire","ltc","Near Mint","English","","","2025-01-02 03:15:14.220000","213","False","False",""
"3","3","Court Street Denizen","cmr","Near Mint","English","foil","","2024-12-30 20:18:15.803000","17","False","False",""
"1","1","Cranial Plating","brc","Near Mint","English","","","2025-01-02 03:34:38.403000","136","False","False",""
"1","1","Crashing Drawbridge","cmm","Near Mint","English","","","2025-01-02 03:18:57.677000","944","False","False",""
"1","1","Crashing Tide","rix","Near Mint","English","foil","","2025-01-02 00:21:09.407000","34","False","False",""
"2","2","Craven Hulk","khm","Near Mint","English","foil","","2025-01-01 23:45:28.663000","127","False","False",""
"1","1","Crib Swap","clb","Near Mint","English","","","2025-01-02 03:35:54.547000","690","False","False",""
"1","1","Crib Swap","2xm","Near Mint","English","foil","","2024-12-30 20:18:23.453000","12","False","False",""
"1","1","Crippling Blight","m13","Near Mint","English","foil","","2025-01-02 00:53:58.480000","85","False","False",""
"1","1","Crookclaw Transmuter","tsr","Near Mint","English","foil","","2025-01-02 00:23:26.207000","59","False","False",""
"1","1","Crown of Gondor","ltc","Near Mint","English","","","2025-01-02 03:15:14.220000","75","False","False",""
"1","1","Crumbling Necropolis","ltc","Near Mint","English","","","2025-01-02 03:16:17.650000","302","False","False",""
"1","1","Crushing Disappointment","stx","Near Mint","English","foil","","2025-01-02 01:19:41.490000","68","False","False",""
"1","1","Crypt Incursion","ltc","Near Mint","English","","","2025-01-02 03:17:40.530000","198","False","False",""
"2","2","Cultivate","ltc","Near Mint","English","","","2025-01-02 03:17:40.530000","236","False","False",""
"1","1","Cultivate","lcc","Near Mint","English","","","2025-01-02 03:20:11.470000","235","False","False",""
"1","1","Curious Altisaur","lcc","Near Mint","English","","","2025-01-02 03:20:11.470000","90","False","False",""
"1","1","Curious Forager","blb","Near Mint","English","","","2024-12-30 22:01:41.937000","169","False","False",""
"1","1","Curious Pair // Treats to Share","eld","Near Mint","English","foil","","2025-01-01 20:57:02.247000","150","False","False",""
"1","1","Cutthroat il-Dal","tsr","Near Mint","English","foil","","2025-01-02 01:22:15.373000","105","False","False",""
"1","1","Daggerfang Duo","blb","Near Mint","English","","","2024-12-30 21:27:55.620000","89","False","False",""
"1","1","Daring Waverider","blb","Near Mint","English","","","2024-12-30 21:05:24.263000","44","False","False",""
"1","1","Dark Deal","sld","Near Mint","English","foil","","2024-12-31 05:45:11.507000","873","False","False",""
"1","1","Dark Inquiry","rix","Near Mint","English","foil","","2025-01-02 01:08:51.480000","65","False","False",""
"1","1","Dark Withering","tsr","Near Mint","English","foil","","2025-01-02 01:27:55.853000","107","False","False",""
"1","1","Darksteel Citadel","brc","Near Mint","English","","","2025-01-02 03:34:38.403000","180","False","False",""
"1","1","Darksteel Ingot","m14","Near Mint","English","","","2024-12-30 19:29:52.407000","207","False","False",""
"1","1","Darksteel Juggernaut","brc","Near Mint","English","","","2025-01-02 03:34:38.403000","137","False","False",""
"1","1","Darksteel Monolith","cmm","Near Mint","English","","","2025-01-02 03:18:57.677000","743","False","False",""
"1","1","Davriel's Shadowfugue","war","Near Mint","English","foil","","2025-01-02 01:16:05.910000","84","False","False",""
"4","4","Dawn Charm","cmr","Near Mint","English","","","2024-12-30 19:22:49.910000","371","False","False",""
"3","3","Dawn Evangel","thb","Near Mint","English","foil","","2024-12-30 20:18:28.267000","8","False","False",""
"1","1","Dawn of Hope","ltc","Near Mint","English","","","2025-01-02 03:17:40.530000","164","False","False",""
"1","1","Dawn of Hope","plst","Near Mint","English","","","2025-01-02 03:35:14.457000","GRN-8","False","False",""
"1","1","Dawnbreak Reclaimer","sld","Near Mint","English","foil","","2025-01-02 03:35:14.457000","1346","False","False",""
"1","1","Dazzling Denial","blb","Near Mint","English","","","2024-12-31 05:52:36.867000","45","False","False",""
"1","1","Deadeye Harpooner","aer","Near Mint","English","foil","","2024-12-30 20:18:33.557000","15","False","False",""
"2","2","Deadly Grub","tsr","Near Mint","English","foil","","2025-01-02 01:13:44.120000","108","False","False",""
"1","1","Dearly Departed","ltc","Near Mint","English","","","2025-01-02 03:15:14.220000","165","False","False",""
"1","1","Deathgorge Scavenger","lcc","Near Mint","English","","","2025-01-02 03:20:11.470000","236","False","False",""
"1","1","Deathknell Berserker","khm","Near Mint","English","foil","","2025-01-02 01:03:05.687000","83","False","False",""
"1","1","Decree of Justice","ddo","Near Mint","English","","","2024-12-30 19:24:22.777000","7","False","False",""
"1","1","Decree of Pain","ltc","Near Mint","English","","","2025-01-02 03:16:17.650000","199","False","False",""
"1","1","Deep Analysis","ltc","Near Mint","English","","","2025-01-02 03:16:17.650000","188","False","False",""
"1","1","Deep Gnome Terramancer","clb","Near Mint","English","","","2025-01-02 03:35:54.547000","658","False","False",""
"1","1","Deepcavern Imp","tsr","Near Mint","English","foil","","2025-01-02 01:09:35.417000","110","False","False",""
"1","1","Defiant Bloodlord","c21","Near Mint","English","","","2024-12-31 08:22:49.490000","142","False","False",""
"1","1","Defiant Salvager","2xm","Near Mint","English","foil","","2025-01-02 01:10:29.617000","83","False","False",""
"1","1","Defiant Salvager","cmr","Near Mint","English","foil","","2025-01-02 01:08:25.340000","117","False","False",""
"1","1","Demystify","roe","Near Mint","English","foil","","2024-12-30 19:21:31.423000","18","False","False",""
"1","1","Denethor, Stone Seer","ltc","Near Mint","English","","","2025-01-02 03:15:14.220000","20","False","False",""
"3","3","Deranged Assistant","cmr","Near Mint","English","foil","","2025-01-02 00:12:25.877000","65","False","False",""
"1","1","Descendants' Path","lcc","Near Mint","English","","","2025-01-02 03:20:11.470000","238","False","False",""
"1","1","Descent into Avernus","clb","Near Mint","English","","","2025-01-01 20:10:07.693000","580","False","False",""
"1","1","Desecrate Reality","cmm","Near Mint","English","","","2025-01-02 03:18:57.677000","714","False","False",""
"4","4","Desert of the True","hou","Near Mint","English","","","2024-12-30 19:28:25.280000","174","False","False",""
"1","1","Desolate Lighthouse","ltc","Near Mint","English","","","2025-01-02 03:16:17.650000","303","False","False",""
"1","1","Despark","brc","Near Mint","English","","","2025-01-02 03:34:38.403000","124","False","False",""
"1","1","Despark","clb","Near Mint","English","","","2025-01-02 03:35:54.547000","841","False","False",""
"4","4","Destroy Evil","dmu","Near Mint","English","","","2024-12-30 19:22:29.913000","17","False","False",""
"1","1","Devastation Tide","ltc","Near Mint","English","","","2025-01-02 03:16:37.853000","189","False","False",""
"4","4","Devout Invocation","m14","Near Mint","English","","","2024-12-30 19:24:37.573000","16","False","False",""
"2","2","Dhund Operative","cmr","Near Mint","English","foil","","2025-01-02 00:59:14.590000","119","False","False",""
"1","1","Digsite Engineer","brc","Near Mint","English","","","2025-01-02 03:34:38.403000","71","False","False",""
"1","1","Dimir Aqueduct","brc","Near Mint","English","","","2025-01-02 03:34:38.403000","182","False","False",""
"1","1","Dimir Signet","brc","Near Mint","English","","","2025-01-02 03:34:38.403000","138","False","False",""
"1","1","Dinosaur Egg","lcc","Near Mint","English","","","2025-01-02 03:20:11.470000","92","False","False",""
"1","1","Dinosaur Hunter","rix","Near Mint","English","foil","","2025-01-02 01:01:41.133000","67","False","False",""
"2","2","Dire Downdraft","blb","Near Mint","English","","","2024-12-31 05:58:24.223000","46","False","False",""
"1","1","Dire Downdraft","blb","Near Mint","English","foil","","2024-12-31 05:57:36.593000","46","False","False",""
"2","2","Dire Fleet Hoarder","2xm","Near Mint","English","foil","","2025-01-02 01:00:28.917000","84","False","False",""
"1","1","Dire Fleet Ravager","clb","Near Mint","English","","","2025-01-02 03:35:54.547000","749","False","False",""
"1","1","Diregraf Ghoul","fdn","Near Mint","English","","","2024-12-31 08:53:16.930000","171","False","False",""
"1","1","Diresight","blb","Near Mint","English","","","2024-12-31 06:19:12.070000","91","False","False",""
"4","4","Disenchant","znr","Near Mint","English","","","2024-12-30 19:22:23.623000","10","False","False",""
"1","1","Dismantling Wave","plst","Near Mint","English","","","2025-01-02 03:35:14.457000","C20-25","False","False",""
"1","1","Disrupt Decorum","cmm","Near Mint","English","foil","","2025-01-01 20:10:24.707000","1067","False","False",""
"1","1","Divine Favor","m12","Near Mint","English","foil","","2024-12-30 19:24:57.370000","14","False","False",""
"1","1","Divine Verdict","rix","Near Mint","English","foil","","2024-12-30 20:18:44.060000","5","False","False",""
"4","4","Divine Visitation","grn","Near Mint","English","","","2024-12-30 20:44:07.083000","10","False","False",""
"3","3","Doomed Traveler","isd","Near Mint","English","","","2024-12-30 20:19:15.567000","11","False","False",""
"1","1","Doomed Traveler","cmr","Near Mint","English","foil","","2024-12-30 20:19:06.510000","19","False","False",""
"1","1","Doomed Traveler","2x2","Near Mint","English","foil","","2024-12-30 20:19:03.350000","9","False","False",""
"10","10","Doomskar Titan","khm","Near Mint","English","foil","","2025-01-01 23:48:10.020000","130","False","False",""
"1","1","Door of Destinies","ltc","Near Mint","English","","","2025-01-02 03:15:14.220000","277","False","False",""
"1","1","Doorkeeper","rtr","Near Mint","English","foil","","2025-01-02 00:14:01.123000","37","False","False",""
"1","1","Double-Faced Substitute Card","smh3","Near Mint","English","","","2024-12-31 09:00:28.333000","1","False","False",""
"1","1","Dour Port-Mage","blb","Near Mint","English","","","2024-12-31 05:53:50.913000","47","False","False",""
"1","1","Downwind Ambusher","blb","Near Mint","English","","","2024-12-31 06:19:50.863000","92","False","False",""
"3","3","Dragon Mantle","cmr","Near Mint","English","foil","","2025-01-01 23:20:30.013000","174","False","False",""
"1","1","Dragonskull Summit","ltc","Near Mint","English","","","2025-01-02 03:16:17.650000","304","False","False",""
"1","1","Drana's Silencer","znr","Near Mint","English","foil","","2025-01-02 01:28:59.100000","99","False","False",""
"5","5","Draugr's Helm","khm","Near Mint","English","foil","","2025-01-02 00:56:51.563000","88","False","False",""
"1","1","Dreadwurm","znr","Near Mint","English","","","2025-01-02 01:26:35.203000","297","False","False",""
"7","7","Dreamstalker Manticore","thb","Near Mint","English","foil","","2025-01-01 23:37:48.740000","131","False","False",""
"1","1","Dreamstone Hedron","cmm","Near Mint","English","","","2025-01-02 03:18:57.677000","945","False","False",""
"1","1","Dreg Mangler","rtr","Near Mint","English","foil","","2025-01-02 01:45:08.077000","158","False","False",""
"1","1","Dreg Mangler","prtr","Near Mint","English","foil","","2025-01-02 01:45:31.227000","158","False","False",""
"2","2","Drifter il-Dal","tsr","Near Mint","English","foil","","2025-01-02 00:07:15.830000","65","False","False",""
"1","1","Driftgloom Coyote","blb","Near Mint","English","","","2024-12-31 05:47:16.157000","11","False","False",""
"2","2","Driver of the Dead","2xm","Near Mint","English","foil","","2025-01-02 01:16:36.597000","90","False","False",""
"1","1","Drought","ice","Near Mint","English","","","2024-12-30 20:19:24.883000","21","False","False",""
"1","1","Drover of the Mighty","lcc","Near Mint","English","","","2025-01-02 03:20:11.470000","239","False","False",""
"1","1","Drowned Catacomb","ltc","Near Mint","English","","","2025-01-02 03:16:17.650000","305","False","False",""
"2","2","Dunerider Outlaw","tsr","Near Mint","English","foil","","2025-01-02 00:54:39.437000","112","False","False",""
"1","1","Duplicant","cmm","Near Mint","English","","","2025-01-02 03:18:57.677000","946","False","False",""
"1","1","Dusk // Dawn","ltc","Near Mint","English","","","2025-01-02 03:17:40.530000","166","False","False",""
"1","1","Dusk // Dawn","clb","Near Mint","English","","","2025-01-02 03:35:54.547000","691","False","False",""
"1","1","Dusk Charger","rix","Near Mint","English","foil","","2025-01-02 01:20:27.940000","69","False","False",""
"1","1","Duskmantle Operative","war","Near Mint","English","foil","","2025-01-02 01:05:13.327000","88","False","False",""
"4","4","Dwarven Hammer","khm","Near Mint","English","foil","","2025-01-01 23:36:43.340000","133","False","False",""
"1","1","Eager Construct","2xm","Near Mint","English","foil","","2025-01-02 01:57:21.077000","250","False","False",""
"1","1","Eager First-Year","stx","Near Mint","English","foil","","2024-12-30 20:19:30.213000","16","False","False",""
"1","1","Eagles of the North","ltr","Near Mint","English","","","2025-01-02 03:17:40.530000","7","False","False",""
"1","1","Eagles of the North","ltr","Near Mint","English","","","2024-12-31 07:46:06.840000","7","False","False",""
"1","1","Early Winter","blb","Near Mint","English","","","2024-12-30 22:00:25.910000","93","False","False",""
"1","1","Earthquake","ltc","Near Mint","English","","","2025-01-02 03:15:14.220000","214","False","False",""
"1","1","Earthshaker Dreadmaw","lci","Near Mint","English","","","2025-01-02 03:20:11.470000","183","False","False",""
"1","1","East-Mark Cavalier","ltr","Near Mint","English","","","2024-12-31 07:37:39.530000","9","False","False",""
"3","3","Eidolon of Philosophy","thb","Near Mint","English","foil","","2025-01-02 00:08:25.163000","48","False","False",""
"1","1","Eight-and-a-Half-Tails","clb","Near Mint","English","","","2025-01-02 03:35:54.547000","692","False","False",""
"1","1","Eldrazi Temple","cmm","Near Mint","English","","","2025-01-02 03:18:57.677000","992","False","False",""
"1","1","Elfsworn Giant","fdn","Near Mint","English","","","2024-12-31 08:31:17.093000","103","False","False",""
"4","4","Elixir of Immortality","m13","Near Mint","English","","","2024-12-30 19:25:39.513000","204","False","False",""
"1","1","Elrond of the White Council","ltc","Near Mint","English","","","2025-01-02 03:16:37.853000","51","False","False",""
"1","1","Elspeth, Undaunted Hero","thb","Near Mint","English","foil","","2024-12-30 19:27:12.793000","270","False","False",""
"2","2","Elspeth's Devotee","thb","Near Mint","English","","","2024-12-30 19:26:43.930000","272","False","False",""
"10","10","Elven Bow","khm","Near Mint","English","foil","","2025-01-01 21:06:41.657000","166","False","False",""
"1","1","Elven Farsight","ltr","Near Mint","English","","","2025-01-02 03:16:37.853000","161","False","False",""
"1","1","Elven Farsight","ltr","Near Mint","English","","","2024-12-31 07:54:14.673000","161","False","False",""
"1","1","Elvish Archdruid","ltc","Near Mint","English","","","2025-01-02 03:16:37.853000","237","False","False",""
"1","1","Elvish Mystic","ltc","Near Mint","English","","","2025-01-02 03:16:37.853000","238","False","False",""
"1","1","Elvish Piper","ltc","Near Mint","English","","","2025-01-02 03:16:37.853000","239","False","False",""
"1","1","Elvish Vanguard","sld","Near Mint","English","foil","","2024-12-31 05:44:27.843000","762","False","False",""
"1","1","Elvish Visionary","ltc","Near Mint","English","","","2025-01-02 03:16:37.853000","240","False","False",""
"1","1","Elvish Warmaster","ltc","Near Mint","English","","","2025-01-02 03:16:37.853000","241","False","False",""
"1","1","Emeria Captain","znr","Near Mint","English","foil","","2024-12-30 19:26:30.950000","11","False","False",""
"1","1","Emeria Shepherd","plst","Near Mint","English","foil","","2025-01-02 03:35:14.457000","BFZ-22","False","False",""
"1","1","Emeria, the Sky Ruin","plst","Near Mint","English","","","2025-01-02 03:35:14.457000","ZEN-213","False","False",""
"1","1","Emeria, the Sky Ruin","sld","Near Mint","English","foil","","2024-12-30 20:44:33.983000","1291","False","False",""
"1","1","Endbringer","cmm","Near Mint","English","","","2025-01-02 03:18:57.677000","803","False","False",""
"1","1","Endless Atlas","cmm","Near Mint","English","","","2025-01-02 03:18:57.677000","947","False","False",""
"1","1","Endless Atlas","plst","Near Mint","English","","","2025-01-02 03:35:14.457000","C18-55","False","False",""
"1","1","Endless One","cmm","Near Mint","English","","","2025-01-02 03:18:57.677000","804","False","False",""
"1","1","Enlarge","2xm","Near Mint","English","foil","","2025-01-01 20:44:00.733000","166","False","False",""
"1","1","Enslave","tsr","Near Mint","English","foil","","2025-01-02 01:27:42.703000","113","False","False",""
"1","1","Entreat the Angels","plst","Near Mint","English","foil","","2025-01-02 03:35:14.457000","AVR-20","False","False",""
"1","1","Environmental Sciences","stx","Near Mint","English","foil","","2025-01-02 01:55:15.087000","1","False","False",""
"1","1","Éomer, King of Rohan","ltc","Near Mint","English","","","2025-01-02 03:15:14.220000","52","False","False",""
"1","1","Éowyn, Lady of Rohan","ltr","Near Mint","English","","","2024-12-31 07:41:12.597000","10","False","False",""
"1","1","Éowyn, Shieldmaiden","ltc","Near Mint","English","etched","","2025-01-01 20:27:46.230000","81","False","False",""
"1","1","Éowyn, Shieldmaiden","ltc","Near Mint","English","foil","","2025-01-02 03:15:14.220000","1","False","False",""
"4","4","Ephemerate","mh1","Near Mint","English","","","2024-12-30 20:39:09.013000","7","False","False",""
"1","1","Erebor Flamesmith","ltr","Near Mint","English","","","2024-12-31 07:46:50.543000","122","False","False",""
"1","1","Erestor of the Council","ltc","Near Mint","English","","","2025-01-02 03:16:37.853000","53","False","False",""
"1","1","Erkenbrand, Lord of Westfold","ltr","Near Mint","English","","","2025-01-02 03:15:14.220000","123","False","False",""
"1","1","Errant Doomsayers","tsr","Near Mint","English","foil","","2024-12-30 20:19:37.527000","17","False","False",""
"1","1","Erratic Mutation","tsr","Near Mint","English","foil","","2025-01-02 00:17:32.420000","67","False","False",""
"6","6","Escape Velocity","thb","Near Mint","English","foil","","2025-01-01 23:27:47.507000","132","False","False",""
"1","1","Esquire of the King","ltr","Near Mint","English","","","2024-12-31 07:36:46.397000","13","False","False",""
"1","1","Essence Infusion","stx","Near Mint","English","foil","","2025-01-02 01:04:59.000000","69","False","False",""
"1","1","Essence Sliver","sld","Near Mint","English","foil","","2024-12-31 08:04:52.843000","612","False","False",""
"1","1","Essence Warden","ltc","Near Mint","English","","","2025-01-02 03:17:40.530000","242","False","False",""
"1","1","Etali, Primal Storm","lcc","Near Mint","English","","","2025-01-02 03:20:11.470000","224","False","False",""
"1","1","Etched Champion","brc","Near Mint","English","","","2025-01-02 03:34:38.403000","140","False","False",""
"1","1","Eternal Witness","p30a","Near Mint","English","foil","","2024-12-31 08:16:35.007000","12","False","False",""
"1","1","Etherium Sculptor","brc","Near Mint","English","","","2025-01-02 03:34:38.403000","82","False","False",""
"1","1","Ethersworn Adjudicator","brc","Near Mint","English","","","2025-01-02 03:34:38.403000","83","False","False",""
"1","1","Eureka Moment","stx","Near Mint","English","foil","","2025-01-02 01:42:39.627000","184","False","False",""
"3","3","Eutropia the Twice-Favored","thb","Near Mint","English","foil","","2025-01-02 01:43:52.750000","216","False","False",""
"1","1","Everflowing Chalice","plst","Near Mint","English","","","2025-01-02 03:35:14.457000","WWK-123","False","False",""
"1","1","Everflowing Chalice","cmm","Near Mint","English","","","2025-01-02 03:18:57.677000","948","False","False",""
"4","4","Everflowing Chalice","wwk","Near Mint","English","","","2024-12-30 19:25:32.710000","123","False","False",""
"1","1","Everflowing Chalice","ltc","Near Mint","English","","","2025-01-02 03:16:17.650000","278","False","False",""
"1","1","Evolving Wilds","brc","Near Mint","English","","","2025-01-02 03:34:38.403000","184","False","False",""
"1","1","Evolving Wilds","lcc","Near Mint","English","","","2025-01-02 03:20:11.470000","328","False","False",""
"3","3","Evolving Wilds","ltc","Near Mint","English","","","2025-01-02 03:17:40.530000","306","False","False",""
"2","2","Exalted Angel","p30a","Near Mint","English","foil","","2024-12-30 19:27:18.457000","10","False","False",""
"1","1","Exemplar of Strength","akh","Near Mint","English","foil","","2025-01-01 20:43:10.877000","165","False","False",""
"3","3","Exotic Orchard","ltc","Near Mint","English","","","2025-01-02 03:17:40.530000","307","False","False",""
"1","1","Exotic Orchard","lcc","Near Mint","English","","","2025-01-02 03:20:11.470000","329","False","False",""
"1","1","Exotic Orchard","brc","Near Mint","English","","","2025-01-02 03:34:38.403000","185","False","False",""
"1","1","Expanded Anatomy","stx","Near Mint","English","foil","","2025-01-02 01:58:24.390000","2","False","False",""
"4","4","Exquisite Huntmaster","cmr","Near Mint","English","foil","","2025-01-02 01:17:41.443000","122","False","False",""
"1","1","Extract from Darkness","ltc","Near Mint","English","","","2025-01-02 03:16:17.650000","266","False","False",""
"1","1","Exultant Skymarcher","rix","Near Mint","English","foil","","2024-12-30 20:19:44.323000","7","False","False",""
"4","4","Eyeblight Assassin","cmr","Near Mint","English","foil","","2025-01-02 01:06:55.733000","123","False","False",""
"3","3","Eyeblight Cullers","cmr","Near Mint","English","foil","","2025-01-02 01:25:50.653000","124","False","False",""
"2","2","Eyeblight Massacre","cmr","Near Mint","English","foil","","2025-01-02 01:15:13.533000","125","False","False",""
"2","2","Faceless Devourer","tsr","Near Mint","English","foil","","2025-01-02 01:10:47.967000","115","False","False",""
"1","1","Fact or Fiction","ltc","Near Mint","English","","","2025-01-02 03:16:17.650000","190","False","False",""
"1","1","Faerie","tfdn","Near Mint","English","","","2024-12-31 08:13:40.087000","9","False","False",""
"1","1","Faithless Looting","ltc","Near Mint","English","","","2025-01-02 03:16:17.650000","215","False","False",""
"1","1","Faithless Looting","sld","Near Mint","English","foil","","2024-12-31 05:27:39.547000","1779","False","False",""
"1","1","Faramir, Steward of Gondor","ltc","Near Mint","English","","","2025-01-02 03:15:14.220000","54","False","False",""
"1","1","Farhaven Elf","ltc","Near Mint","English","","","2025-01-02 03:16:37.853000","243","False","False",""
"1","1","Farmer Cotton","ltc","Near Mint","English","","","2025-01-02 03:17:40.530000","55","False","False",""
"1","1","Farseek","ltc","Near Mint","English","","","2025-01-02 03:17:40.530000","244","False","False",""
"1","1","Farseek","m13","Near Mint","English","","","2025-01-01 20:52:13.737000","170","False","False",""
"1","1","Farseek","lcc","Near Mint","English","","","2025-01-02 03:20:11.470000","242","False","False",""
"2","2","Fateful End","thb","Near Mint","English","foil","","2025-01-01 23:31:48.120000","133","False","False",""
"1","1","Fateful End","thb","Near Mint","English","foil","","2025-01-01 20:24:01.150000","133","False","False",""
"2","2","Fathom Fleet Swordjack","cmr","Near Mint","English","foil","","2025-01-01 23:43:34.460000","177","False","False",""
"2","2","Fathom Seer","tsr","Near Mint","English","foil","","2025-01-02 00:14:36.097000","68","False","False",""
"1","1","Favored of Iroas","thb","Near Mint","English","foil","","2024-12-30 20:19:48.213000","15","False","False",""
"1","1","Fealty to the Realm","ltc","Near Mint","English","","","2025-01-02 03:15:14.220000","21","False","False",""
"11","11","Fearless Liberator","khm","Near Mint","English","foil","","2025-01-01 23:29:57.587000","135","False","False",""
"1","1","Feast of Dreams","jou","Near Mint","English","foil","","2025-01-02 01:02:21.430000","69","False","False",""
"1","1","Feasting Hobbit","ltc","Near Mint","English","","","2025-01-02 03:17:40.530000","37","False","False",""
"1","1","Feather, the Redeemed","war","Near Mint","English","","","2024-12-31 08:21:42.647000","197","False","False",""
"3","3","Feebleness","tsr","Near Mint","English","foil","","2025-01-02 00:59:36.407000","116","False","False",""
"1","1","Feed the Serpent","khm","Near Mint","English","foil","","2025-01-02 01:14:56.637000","95","False","False",""
"1","1","Feed the Swarm","ltc","Near Mint","English","","","2025-01-02 03:16:17.650000","200","False","False",""
"1","1","Felisa, Fang of Silverquill","clb","Near Mint","English","","","2025-01-02 03:35:54.547000","845","False","False",""
"1","1","Fell","blb","Near Mint","English","foil","","2024-12-30 21:58:44.410000","95","False","False",""
"1","1","Fell the Mighty","ltc","Near Mint","English","","","2025-01-02 03:17:40.530000","167","False","False",""
"1","1","Fell the Mighty","sld","Near Mint","English","foil","","2024-12-31 05:27:43.443000","1778","False","False",""
"2","2","Ferocious Tigorilla","iko","Near Mint","English","foil","","2025-01-01 23:40:23.050000","115","False","False",""
"3","3","Field of Ruin","ltc","Near Mint","English","","","2025-01-02 03:16:37.853000","308","False","False",""
"1","1","Field-Tested Frying Pan","ltc","Near Mint","English","","","2025-01-02 03:17:40.530000","11","False","False",""
"1","1","Fiend Hunter","ltc","Near Mint","English","","","2025-01-02 03:15:14.220000","168","False","False",""
"1","1","Fiery Confluence","lcc","Near Mint","English","","","2025-01-02 03:20:11.470000","226","False","False",""
"1","1","Fiery Inscription","ltr","Near Mint","English","","","2025-01-02 03:16:17.650000","126","False","False",""
"1","1","Filigree Attendant","brc","Near Mint","English","","","2025-01-02 03:34:38.403000","85","False","False",""
"4","4","Finale of Glory","onc","Near Mint","English","","","2024-12-30 20:20:52.153000","67","False","False",""
"4","4","Finale of Glory","onc","Near Mint","English","","","2024-12-30 20:20:56.207000","67","False","False",""
"1","1","Finch Formation","blb","Near Mint","English","foil","","2024-12-31 05:56:11.910000","50","False","False",""
"2","2","Fin-Clade Fugitives","cmr","Near Mint","English","foil","","2025-01-01 20:57:17.670000","227","False","False",""
"1","1","Fire Diamond","c14","Near Mint","English","","","2024-12-30 19:34:55.633000","240","False","False",""
"1","1","Fire Diamond","6ed","Good (Lightly Played)","English","","","2024-12-30 20:21:43.537000","284","False","False",""
"1","1","Fire of Orthanc","ltr","Near Mint","English","","","2024-12-31 07:50:58.913000","127","False","False",""
"1","1","Firemaw Kavu","tsr","Near Mint","English","foil","","2025-01-01 23:49:51.027000","163","False","False",""
"1","1","Fireshrieker","cmm","Near Mint","English","","","2025-01-02 03:18:57.677000","949","False","False",""
"1","1","Firja's Retribution","clb","Near Mint","English","","","2025-01-02 03:35:54.547000","846","False","False",""
"3","3","First Response","cmr","Near Mint","English","foil","","2024-12-30 20:21:08.057000","22","False","False",""
"1","1","Fissure Wizard","znr","Near Mint","English","foil","","2025-01-01 23:23:19.780000","140","False","False",""
"2","2","Flamecache Gecko","blb","Near Mint","English","","","2024-12-31 06:04:53.497000","135","False","False",""
"1","1","Flamerush Rider","ltc","Near Mint","English","","","2025-01-02 03:15:14.220000","216","False","False",""
"1","1","Flare of Cultivation","mh3","Near Mint","English","","","2024-12-31 08:39:12.527000","154","False","False",""
"1","1","Flaxen Intruder // Welcome Home","eld","Near Mint","English","foil","","2025-01-01 20:44:26.997000","155","False","False",""
"1","1","Flayer of Loyalties","cmm","Near Mint","English","","","2025-01-02 03:18:57.677000","715","False","False",""
"1","1","Flooded Grove","ltc","Near Mint","English","","","2025-01-02 03:16:37.853000","309","False","False",""
"1","1","Fog on the Barrow-Downs","ltr","Near Mint","English","","","2024-12-31 07:41:35.887000","16","False","False",""
"1","1","Folk Hero","clb","Near Mint","English","foil","","2025-01-02 03:35:54.547000","650","False","False",""
"1","1","Font of Ire","jou","Near Mint","English","foil","","2025-01-01 23:21:48.487000","97","False","False",""
"1","1","Font of Ire","jou","Near Mint","English","foil","","2025-01-01 20:20:14.923000","97","False","False",""
"1","1","For the Common Good","blb","Near Mint","English","","","2024-12-30 22:01:22.367000","172","False","False",""
"1","1","Foray of Orcs","ltr","Near Mint","English","foil","","2024-12-31 07:53:49.133000","417","False","False",""
"1","1","Forbidden Alchemy","ltc","Near Mint","English","","","2025-01-02 03:16:17.650000","191","False","False",""
"2","2","Forbidden Friendship","iko","Near Mint","English","foil","","2025-01-01 23:22:36.030000","119","False","False",""
"1","1","Foreboding Landscape","mh3","Near Mint","English","","","2024-12-31 08:58:43.247000","221","False","False",""
"1","1","Foreboding Ruins","ltc","Near Mint","English","","","2025-01-02 03:16:17.650000","310","False","False",""
"1","1","Forest","blb","Near Mint","English","","","2024-12-30 22:14:48.570000","280","False","False",""
"1","1","Forest","blb","Near Mint","English","","","2024-12-30 22:14:57.190000","281","False","False",""
"1","1","Forest","blb","Near Mint","English","","","2024-12-30 22:13:50.903000","278","False","False",""
"1","1","Forest","blb","Near Mint","English","foil","","2025-01-01 20:37:57.813000","279","False","False",""
"8","8","Forest","ltr","Near Mint","English","","","2025-01-02 03:17:40.530000","270","False","False",""
"1","1","Forest","blb","Near Mint","English","","","2024-12-31 06:24:25.457000","279","False","False",""
"1","1","Forest","blb","Near Mint","English","foil","","2024-12-30 22:13:16.480000","377","False","False",""
"1","1","Forest","blb","Near Mint","English","foil","","2024-12-30 22:13:06.493000","378","False","False",""
"8","8","Forest","lci","Near Mint","English","","","2025-01-02 03:20:11.470000","401","False","False",""
"1","1","Forest","eld","Near Mint","English","foil","","2024-12-31 08:18:15.887000","269","False","False",""
"4","4","Forest","j22","Near Mint","English","","","2024-12-30 22:21:11.290000","110","False","False",""
"15","15","Forest","ltr","Near Mint","English","","","2025-01-02 03:16:37.853000","271","False","False",""
"1","1","Forest","ltr","Near Mint","English","","","2024-12-31 08:00:31.213000","270","False","False",""
"1","1","Forge Anew","ltr","Near Mint","English","","","2024-12-31 07:40:00.690000","349","False","False",""
"1","1","Forge of Heroes","cmm","Near Mint","English","","","2025-01-02 03:18:57.677000","995","False","False",""
"1","1","Forsaken Monument","cmm","Near Mint","English","","","2025-01-02 03:18:57.677000","950","False","False",""
"1","1","Forth Eorlingas!","ltc","Near Mint","English","","","2025-01-02 03:15:14.220000","56","False","False",""
"1","1","Fortified Village","ltc","Near Mint","English","","","2025-01-02 03:17:40.530000","311","False","False",""
"1","1","Fortified Village","lcc","Near Mint","English","","","2025-01-02 03:20:11.470000","331","False","False",""
"2","2","Fortify","tsr","Near Mint","English","foil","","2024-12-30 20:21:26.907000","18","False","False",""
"1","1","Foundry Inspector","brr","Near Mint","English","foil","","2024-12-31 08:14:53.170000","16","False","False",""
"1","1","Fountainport","blb","Near Mint","English","","","2024-12-30 21:07:39.747000","253","False","False",""
"1","1","Fowl Strike","mh3","Near Mint","English","","","2024-12-31 08:38:52.383000","155","False","False",""
"1","1","Fowl Strike","mh3","Near Mint","English","foil","","2024-12-31 08:39:36.270000","155","False","False",""
"8","8","Frenzied Raider","khm","Near Mint","English","foil","","2025-01-01 23:29:23.063000","137","False","False",""
"1","1","Frenzied Raptor","iko","Near Mint","English","foil","","2025-01-01 23:36:05.523000","120","False","False",""
"1","1","Frenzied Saddlebrute","cmr","Near Mint","English","foil","","2025-01-01 23:47:00.017000","180","False","False",""
"1","1","Friendly Rivalry","ltr","Near Mint","English","","","2024-12-31 07:35:56.420000","204","False","False",""
"1","1","Frodo Baggins","ltr","Near Mint","English","","","2024-12-31 07:34:57.413000","205","False","False",""
"1","1","Frodo, Adventurous Hobbit","ltc","Near Mint","English","foil","","2025-01-02 03:17:40.530000","2","False","False",""
"1","1","Frodo, Adventurous Hobbit","ltc","Near Mint","English","etched","","2025-01-01 20:28:23.257000","82","False","False",""
"1","1","Frodo, Sauron's Bane","ltr","Near Mint","English","foil","","2024-12-31 07:34:19.437000","304","False","False",""
"1","1","From the Rubble","lcc","Near Mint","English","","","2025-01-02 03:20:11.470000","72","False","False",""
"1","1","Frontier Warmonger","ltc","Near Mint","English","","","2025-01-02 03:15:14.220000","217","False","False",""
"1","1","Frontline Medic","ltc","Near Mint","English","","","2025-01-02 03:15:14.220000","169","False","False",""
"1","1","Frontline Medic","clb","Near Mint","English","","","2025-01-02 03:35:54.547000","693","False","False",""
"1","1","Frost Augur","khm","Near Mint","English","foil","","2025-01-02 00:07:53.233000","56","False","False",""
"1","1","Frostboil Snarl","ltc","Near Mint","English","","","2025-01-02 03:16:17.650000","312","False","False",""
"8","8","Frostpyre Arcanist","khm","Near Mint","English","foil","","2025-01-02 00:25:45.767000","58","False","False",""
"1","1","Fumigate","ltc","Near Mint","English","","","2025-01-02 03:17:40.530000","170","False","False",""
"1","1","Fuming Effigy","stx","Near Mint","English","foil","","2025-01-01 23:39:44.933000","103","False","False",""
"1","1","Furnace Celebration","cmr","Near Mint","English","foil","","2025-01-01 23:32:30.583000","181","False","False",""
"1","1","Furnace Celebration","cmr","Near Mint","English","foil","","2025-01-01 20:18:29.523000","181","False","False",""
"1","1","Furnace Whelp","ima","Near Mint","English","foil","","2025-01-01 23:38:44.783000","129","False","False",""
"1","1","Furor of the Bitten","m21","Near Mint","English","foil","","2025-01-01 23:19:35.370000","145","False","False",""
"1","1","Furycalm Snarl","lcc","Near Mint","English","","","2025-01-02 03:20:11.470000","333","False","False",""
"1","1","Furycalm Snarl","ltc","Near Mint","English","","","2025-01-02 03:15:14.220000","313","False","False",""
"1","1","Galadhrim Ambush","ltc","Near Mint","English","","","2025-01-02 03:16:37.853000","38","False","False",""
"1","1","Galadriel, Elven-Queen","ltc","Near Mint","English","etched","","2025-01-01 20:28:06.713000","83","False","False",""
"1","1","Galadriel, Elven-Queen","ltc","Near Mint","English","foil","","2025-01-02 03:16:37.853000","3","False","False",""
"1","1","Galepowder Mage","clb","Near Mint","English","","","2025-01-02 03:35:54.547000","694","False","False",""
"2","2","Galestrike","cmr","Near Mint","English","foil","","2025-01-02 00:16:09.450000","70","False","False",""
"1","1","Game Trail","lcc","Near Mint","English","","","2025-01-02 03:20:11.470000","334","False","False",""
"1","1","Gandalf, Westward Voyager","ltc","Near Mint","English","foil","","2025-01-02 03:16:37.853000","6","False","False",""
"1","1","Garenbrig Paladin","eld","Near Mint","English","foil","","2025-01-01 21:03:16.623000","157","False","False",""
"3","3","Gather the Townsfolk","dka","Near Mint","English","","","2024-12-30 19:24:04.373000","8","False","False",""
"1","1","Geier Reach Sanitarium","cmm","Near Mint","English","","","2025-01-02 03:18:57.677000","1000","False","False",""
"2","2","Geist-Honored Monk","isd","Near Mint","English","","","2024-12-30 20:21:31.120000","17","False","False",""
"1","1","Generous Ent","ltr","Near Mint","English","","","2025-01-02 03:17:40.530000","169","False","False",""
"1","1","Generous Gift","lcc","Near Mint","English","","","2025-01-02 03:20:11.470000","128","False","False",""
"1","1","Genesis Wave","ltc","Near Mint","English","","","2025-01-02 03:16:37.853000","245","False","False",""
"1","1","Geode Golem","cmm","Near Mint","English","","","2025-01-02 03:18:57.677000","386","False","False",""
"1","1","Ghost Quarter","ltc","Near Mint","English","","","2025-01-02 03:17:40.530000","314","False","False",""
"1","1","Giada, Font of Hope","snc","Near Mint","English","foil","","2024-12-30 18:31:00.247000","14","False","False",""
"1","1","Giada, Font of Hope","plst","Near Mint","English","","","2025-01-02 03:35:14.457000","SNC-14","False","False",""
"1","1","Giant Dustwasp","tsr","Near Mint","English","foil","","2025-01-01 20:42:07.123000","206","False","False",""
"1","1","Gilded Goose","ltc","Near Mint","English","","","2025-01-02 03:17:40.530000","246","False","False",""
"1","1","Gilraen, Dúnedain Protector","ltc","Near Mint","English","","","2025-01-02 03:15:14.220000","13","False","False",""
"1","1","Giltgrove Stalker","rix","Near Mint","English","foil","","2025-01-01 20:59:40.763000","131","False","False",""
"1","1","Gilt-Leaf Winnower","cmr","Near Mint","English","foil","","2025-01-02 01:24:18.660000","130","False","False",""
"1","1","Gimli of the Glittering Caves","ltc","Near Mint","English","","","2025-01-02 03:15:14.220000","32","False","False",""
"1","1","Gimli's Axe","ltr","Near Mint","English","","","2024-12-31 07:48:44.287000","130","False","False",""
"1","1","Gimli's Fury","ltr","Near Mint","English","","","2024-12-31 07:47:23.850000","131","False","False",""
"1","1","Gisela, the Broken Blade","sld","Near Mint","English","","","2025-01-01 20:30:03.247000","1387","False","False",""
"1","1","Gisela, the Broken Blade","sld","Near Mint","English","foil","","2025-01-02 03:35:14.457000","1335","False","False",""
"1","1","Glacial Fortress","ltc","Near Mint","English","","","2025-01-02 03:15:14.220000","315","False","False",""
"1","1","Glassdust Hulk","2xm","Near Mint","English","foil","","2025-01-02 01:39:50.177000","199","False","False",""
"1","1","Glidedive Duo","blb","Near Mint","English","","","2024-12-30 21:29:40.613000","96","False","False",""
"1","1","Glimpse the Impossible","mh3","Near Mint","English","","","2024-12-31 08:49:32.977000","124","False","False",""
"1","1","Glorfindel, Dauntless Rescuer","ltr","Near Mint","English","","","2024-12-31 07:57:47.517000","171","False","False",""
"4","4","Glorious Anthem","m21","Near Mint","English","","","2024-12-30 19:25:11.783000","21","False","False",""
"1","1","Glorious Protector","clb","Near Mint","English","","","2025-01-02 03:35:54.547000","695","False","False",""
"2","2","Gluttonous Cyclops","jou","Near Mint","English","foil","","2025-01-01 23:48:34.777000","99","False","False",""
"1","1","Gnottvold Recluse","khm","Near Mint","English","foil","","2025-01-01 20:55:37.053000","172","False","False",""
"1","1","Go for the Throat","ltc","Near Mint","English","","","2025-01-02 03:17:40.530000","201","False","False",""
"1","1","Goblin Boarders","fdn","Near Mint","English","","","2024-12-31 08:49:15.350000","87","False","False",""
"1","1","Goblin Cratermaker","ltc","Near Mint","English","","","2025-01-02 03:16:17.650000","218","False","False",""
"1","1","Goblin Dark-Dwellers","ltc","Near Mint","English","","","2025-01-02 03:16:17.650000","219","False","False",""
"4","4","Goblin Trailblazer","cmr","Near Mint","English","foil","","2025-01-01 23:28:44.667000","182","False","False",""
"2","2","Godhunter Octopus","jou","Near Mint","English","foil","","2025-01-02 00:28:15.677000","39","False","False",""
"1","1","Gods Willing","cn2","Near Mint","English","foil","","2024-12-30 19:22:03.373000","88","False","False",""
"4","4","Gold Myr","som","Near Mint","English","","","2024-12-30 19:25:53.957000","157","False","False",""
"1","1","Goldmire Bridge","brc","Near Mint","English","","","2025-01-02 03:34:38.403000","186","False","False",""
"1","1","Goldspan Dragon","sld","Near Mint","English","foil","","2024-12-31 05:27:22.430000","1780","False","False",""
"2","2","Golem Artisan","cmr","Near Mint","English","foil","","2025-01-02 02:04:09.983000","311","False","False",""
"2","2","Golem-Skin Gauntlets","2xm","Near Mint","English","foil","","2025-01-02 01:52:28.533000","259","False","False",""
"1","1","Gollum, Obsessed Stalker","ltc","Near Mint","English","","","2025-01-02 03:17:40.530000","26","False","False",""
"1","1","Gonti, Lord of Luxury","clb","Near Mint","English","","","2025-01-02 03:35:54.547000","753","False","False",""
"1","1","Gorgon Recluse","tsr","Near Mint","English","foil","","2025-01-02 01:23:58.853000","117","False","False",""
"1","1","Grand Abolisher","sld","Near Mint","English","foil","","2024-12-30 18:30:12.627000","1285","False","False",""
"1","1","Grateful Apparition","war","Near Mint","English","foil","","2024-12-30 20:21:57.237000","17","False","False",""
"1","1","Grave Scrabbler","tsr","Near Mint","English","foil","","2025-01-02 01:20:13.883000","118","False","False",""
"1","1","Gravedigger","ema","Near Mint","English","foil","","2025-01-02 01:21:04.240000","89","False","False",""
"1","1","Graypelt Refuge","ltc","Near Mint","English","","","2025-01-02 03:17:40.530000","316","False","False",""
"1","1","Great Hall of the Citadel","ltr","Near Mint","English","","","2024-12-31 08:02:07.173000","254","False","False",""
"1","1","Great Oak Guardian","ltc","Near Mint","English","","","2025-01-02 03:17:40.530000","247","False","False",""
"1","1","Grey Host Reinforcements","ltc","Near Mint","English","","","2025-01-02 03:15:14.220000","14","False","False",""
"1","1","Griffin Aerie","plst","Near Mint","English","","","2025-01-02 03:35:14.457000","M21-22","False","False",""
"2","2","Griffin Guide","tsr","Near Mint","English","foil","","2024-12-30 20:22:03.417000","19","False","False",""
"1","1","Grim Draugr","khm","Near Mint","English","foil","","2025-01-02 01:11:00.030000","96","False","False",""
"1","1","Grim Haruspex","clb","Near Mint","English","","","2025-01-02 03:35:54.547000","754","False","False",""
"1","1","Grim Hireling","clb","Near Mint","English","","","2025-01-02 03:35:54.547000","755","False","False",""
"1","1","Gríma, Saruman's Footman","ltc","Near Mint","English","","","2025-01-02 03:16:17.650000","57","False","False",""
"1","1","Grishnákh, Brash Instigator","ltr","Near Mint","English","","","2025-01-02 03:16:17.650000","134","False","False",""
"1","1","Grow from the Ashes","dom","Near Mint","English","foil","","2024-12-31 08:03:45.063000","164","False","False",""
"1","1","Grow from the Ashes","fdn","Near Mint","English","","","2024-12-31 08:35:39.877000","225","False","False",""
"1","1","Growth Spiral","ltc","Near Mint","English","","","2025-01-02 03:16:37.853000","267","False","False",""
"3","3","Gruul Cluestone","dgm","Near Mint","English","","","2024-12-30 19:50:21.763000","140","False","False",""
"1","1","Gruul Guildgate","gtc","Near Mint","English","","","2024-12-30 19:38:31.560000","243","False","False",""
"1","1","Gruul Guildgate","dgm","Near Mint","English","","","2024-12-30 19:38:42.063000","150","False","False",""
"1","1","Gruul Guildgate","rna","Near Mint","English","","","2024-12-30 19:39:07.307000","250","False","False",""
"1","1","Gruul Guildgate","rna","Near Mint","English","","","2024-12-30 19:38:54.037000","249","False","False",""
"1","1","Gruul Locket","rna","Near Mint","English","","","2024-12-30 19:51:49.060000","234","False","False",""
"2","2","Gruul Signet","gpt","Near Mint","English","","","2024-12-30 19:50:12.040000","150","False","False",""
"1","1","Gruul Turf","gk2","Near Mint","English","","","2024-12-30 19:42:48.170000","104","False","False",""
"1","1","Guiding Voice","stx","Near Mint","English","foil","","2024-12-30 20:22:08.893000","19","False","False",""
"1","1","Guildless Commons","cmm","Near Mint","English","","","2025-01-02 03:18:57.677000","1003","False","False",""
"1","1","Gut, True Soul Zealot","clb","Near Mint","English","foil","","2024-12-31 08:48:29.890000","399","False","False",""
"1","1","Guttersnipe","ltc","Near Mint","English","","","2025-01-02 03:16:17.650000","220","False","False",""
"1","1","Gwaihir the Windlord","ltr","Near Mint","English","","","2024-12-31 07:34:13.407000","210","False","False",""
"1","1","Gwaihir, Greatest of the Eagles","ltc","Near Mint","English","","","2025-01-02 03:17:40.530000","15","False","False",""
"9","9","Hailstorm Valkyrie","khm","Near Mint","English","foil","","2025-01-02 01:17:01.393000","97","False","False",""
"1","1","Haldir, Lórien Lieutenant","ltc","Near Mint","English","","","2025-01-02 03:16:37.853000","39","False","False",""
"1","1","Halo Forager","mom","Near Mint","English","","","2024-12-31 08:21:13.050000","385","False","False",""
"1","1","Hangarback Walker","cmm","Near Mint","English","","","2025-01-02 03:18:57.677000","951","False","False",""
"1","1","Haradrim Spearmaster","ltr","Near Mint","English","","","2024-12-31 07:49:22.213000","135","False","False",""
"1","1","Hardy Veteran","rix","Near Mint","English","foil","","2025-01-01 20:59:54.237000","132","False","False",""
"1","1","Harmonious Archon","eld","Near Mint","English","","","2024-12-30 20:22:13.540000","17","False","False",""
"1","1","Harmonize","ltc","Near Mint","English","","","2025-01-02 03:17:40.530000","248","False","False",""
"1","1","Harper Recruiter","clb","Near Mint","English","","","2025-01-02 03:35:54.547000","659","False","False",""
"1","1","Harsh Mentor","ltc","Near Mint","English","","","2025-01-02 03:15:14.220000","221","False","False",""
"2","2","Hateful Eidolon","thb","Near Mint","English","foil","","2025-01-02 00:52:46.117000","101","False","False",""
"1","1","Hazel's Nocturne","blb","Near Mint","English","foil","","2024-12-30 21:54:35.927000","97","False","False",""
"2","2","Hazel's Nocturne","blb","Near Mint","English","","","2024-12-30 21:54:29.647000","97","False","False",""
"2","2","Head of the Homestead","blb","Near Mint","English","","","2024-12-30 20:57:28.447000","216","False","False",""
"1","1","Heaped Harvest","blb","Near Mint","English","","","2024-12-30 21:54:56.890000","175","False","False",""
"1","1","Heaped Harvest","blb","Near Mint","English","","","2024-12-31 05:50:46.643000","175","False","False",""
"1","1","Heartfire","war","Near Mint","English","foil","","2025-01-01 20:19:50.920000","131","False","False",""
"1","1","Heartfire Hero","blb","Near Mint","English","foil","","2024-12-31 06:03:03.613000","138","False","False",""
"1","1","Heartless Pillage","2xm","Near Mint","English","foil","","2025-01-02 01:12:45.590000","96","False","False",""
"1","1","Hedron Archive","cmm","Near Mint","English","","","2025-01-02 03:18:57.677000","952","False","False",""
"1","1","Hedron-Field Purists","roe","Near Mint","English","","","2024-12-30 20:22:20.417000","25","False","False",""
"1","1","Heirloom Blade","plst","Near Mint","English","","","2025-01-02 03:35:14.457000","C17-52","False","False",""
"1","1","Heirloom Blade","ltc","Near Mint","English","","","2025-01-02 03:15:14.220000","279","False","False",""
"1","1","Heliod's Intervention","thb","Near Mint","English","","","2024-12-30 20:22:59.327000","19","False","False",""
"1","1","Hellkite Punisher","m21","Near Mint","English","","","2025-01-01 20:09:49.457000","151","False","False",""
"1","1","Herald's Horn","ltc","Near Mint","English","","","2025-01-02 03:15:14.220000","280","False","False",""
"1","1","Hero of the Nyxborn","thb","Near Mint","English","foil","","2025-01-02 01:40:06.203000","219","False","False",""
"4","4","Hero of the Winds","thb","Near Mint","English","foil","","2024-12-30 20:23:17.063000","23","False","False",""
"4","4","Heroes of the Revel","thb","Near Mint","English","","","2025-01-01 23:47:37.127000","138","False","False",""
"1","1","Heroic Intervention","ltc","Near Mint","English","","","2025-01-02 03:16:37.853000","249","False","False",""
"2","2","Hero's Blade","cmr","Near Mint","English","foil","","2025-01-02 01:55:50.463000","314","False","False",""
"1","1","Hexavus","brc","Near Mint","English","","","2025-01-02 03:34:38.403000","14","False","False",""
"1","1","Hexplate Golem","bbd","Near Mint","English","foil","","2025-01-02 02:06:25.903000","237","False","False",""
"1","1","Hidden Grotto","blb","Near Mint","English","","","2024-12-30 21:09:05.667000","254","False","False",""
"1","1","High Priest of Penance","clb","Near Mint","English","","","2025-01-02 03:35:54.547000","848","False","False",""
"1","1","High Stride","blb","Near Mint","English","","","2024-12-30 21:30:28.683000","176","False","False",""
"1","1","Highborn Vampire","znr","Near Mint","English","foil","","2025-01-02 01:21:29.250000","107","False","False",""
"1","1","Hinterland Harbor","ltc","Near Mint","English","","","2025-01-02 03:16:37.853000","317","False","False",""
"1","1","Hithlain Rope","ltc","Near Mint","English","","","2025-01-02 03:17:40.530000","76","False","False",""
"1","1","Holy Mantle","gtc","Near Mint","English","","","2024-12-30 20:23:41.743000","17","False","False",""
"1","1","Homunculus Horde","fdn","Near Mint","English","","","2024-12-31 08:45:23.210000","41","False","False",""
"1","1","Horizon Seeker","khm","Near Mint","English","foil","","2025-01-01 20:55:00.160000","175","False","False",""
"1","1","Hornet Queen","ltc","Near Mint","English","","","2025-01-02 03:16:37.853000","250","False","False",""
"1","1","Hostage Taker","ltc","Near Mint","English","","","2025-01-02 03:16:17.650000","268","False","False",""
"2","2","Howling Golem","cmr","Near Mint","English","foil","","2025-01-02 02:01:24.557000","316","False","False",""
"1","1","Humble Defector","ltc","Near Mint","English","","","2025-01-02 03:15:14.220000","222","False","False",""
"1","1","Hungry Flames","aer","Near Mint","English","foil","","2025-01-01 20:18:46.450000","84","False","False",""
"1","1","Ichor Slick","tsr","Near Mint","English","foil","","2025-01-02 01:08:38.893000","119","False","False",""
"3","3","Immersturm Raider","khm","Near Mint","English","foil","","2025-01-01 23:21:01.083000","141","False","False",""
"4","4","Immolating Glare","ogw","Near Mint","English","","","2024-12-30 19:22:16.557000","20","False","False",""
"2","2","Impassioned Orator","m20","Near Mint","English","","","2024-12-30 20:40:07.997000","306","False","False",""
"2","2","Impassioned Orator","rna","Near Mint","English","","","2024-12-30 20:40:13.493000","12","False","False",""
"2","2","Impending Doom","thb","Near Mint","English","foil","","2025-01-01 23:30:49.760000","139","False","False",""
"1","1","Imperiosaur","tsr","Near Mint","English","foil","","2025-01-01 20:53:26.913000","211","False","False",""
"1","1","In the Darkness Bind Them","ltc","Near Mint","English","","","2025-01-02 03:16:17.650000","58","False","False",""
"4","4","Increasing Devotion","onc","Near Mint","English","","","2024-12-30 20:43:35.890000","76","False","False",""
"1","1","Increasing Devotion","dka","Near Mint","English","","","2024-12-30 20:43:27.317000","11","False","False",""
"1","1","Increasing Devotion","ltc","Near Mint","English","","","2025-01-02 03:15:14.220000","171","False","False",""
"1","1","Indomitable Archangel","brc","Near Mint","English","","","2025-01-02 03:34:38.403000","72","False","False",""
"1","1","Inevitable End","thb","Near Mint","English","foil","","2025-01-02 01:07:28.790000","102","False","False",""
"1","1","Infernal Vessel","fdn","Near Mint","English","","","2024-12-31 08:53:31.587000","63","False","False",""
"1","1","Inferno Titan","ltc","Near Mint","English","","","2025-01-02 03:16:17.650000","223","False","False",""
"1","1","Infestation Sage","fdn","Near Mint","English","","","2024-12-31 08:54:11.183000","64","False","False",""
"1","1","Inkling Summoning","stx","Near Mint","English","foil","","2025-01-02 01:43:28.820000","195","False","False",""
"1","1","Inscription of Abundance","ltc","Near Mint","English","","","2025-01-02 03:16:37.853000","251","False","False",""
"4","4","Inspiring Overseer","snc","Near Mint","English","","","2024-12-30 20:42:23.353000","18","False","False",""
"4","4","Intangible Virtue","cmr","Near Mint","English","","","2024-12-30 19:24:50.927000","24","False","False",""
"1","1","Introduction to Prophecy","stx","Near Mint","English","foil","","2025-01-02 01:58:12.087000","4","False","False",""
"1","1","Invading Manticore","war","Near Mint","English","foil","","2025-01-01 23:49:20.303000","134","False","False",""
"1","1","Investigator's Journal","cmm","Near Mint","English","","","2025-01-02 03:18:57.677000","956","False","False",""
"4","4","Invoke the Divine","khm","Near Mint","English","","","2024-12-30 19:22:56.940000","16","False","False",""
"1","1","Invoke the Divine","plst","Near Mint","English","","","2025-01-02 03:35:14.457000","DOM-22","False","False",""
"2","2","Iona's Judgment","cmr","Near Mint","English","foil","","2024-12-30 19:24:12.013000","25","False","False",""
"1","1","Iron Bully","2xm","Near Mint","English","foil","","2025-01-02 02:01:37.590000","262","False","False",""
"1","1","Irregular Cohort","clb","Near Mint","English","","","2025-01-02 03:35:54.547000","696","False","False",""
"11","11","Island","ltr","Near Mint","English","","","2025-01-02 03:16:37.853000","265","False","False",""
"11","11","Island","ltr","Near Mint","English","","","2025-01-02 03:16:17.650000","264","False","False",""
"1","1","Island","blb","Near Mint","English","foil","","2024-12-30 21:17:18.230000","371","False","False",""
"1","1","Island","blb","Near Mint","English","foil","","2024-12-30 21:17:28.607000","372","False","False",""
"2","2","Island","brc","Near Mint","English","","","2025-01-02 03:34:38.403000","32","False","False",""
"2","2","Island","brc","Near Mint","English","","","2025-01-02 03:34:38.403000","31","False","False",""
"1","1","Island","blb","Near Mint","English","foil","","2024-12-30 21:18:12.677000","267","False","False",""
"1","1","Island","blb","Near Mint","English","","","2024-12-30 21:18:33.587000","268","False","False",""
"1","1","Island","blb","Near Mint","English","","","2024-12-30 21:18:47.023000","269","False","False",""
"2","2","Island","blb","Near Mint","English","","","2024-12-30 21:17:56.600000","266","False","False",""
"1","1","Isolated Chapel","ltc","Near Mint","English","","","2025-01-02 03:17:40.530000","318","False","False",""
"1","1","It That Betrays","cmm","Near Mint","English","","","2025-01-02 03:18:57.677000","805","False","False",""
"1","1","Itzquinth, Firstborn of Gishath","lci","Near Mint","English","","","2025-01-02 03:20:11.470000","230","False","False",""
"2","2","Ivory Giant","tsr","Near Mint","English","foil","","2024-12-30 20:24:02.640000","20","False","False",""
"1","1","Ixalli's Lorekeeper","lci","Near Mint","English","","","2025-01-02 03:20:11.470000","194","False","False",""
"1","1","Jace's Defeat","hou","Near Mint","English","foil","","2025-01-02 00:13:28.470000","38","False","False",""
"1","1","Jaddi Lifestrider","roe","Near Mint","English","foil","","2024-12-31 08:16:05.037000","189","False","False",""
"1","1","Jaya's Greeting","war","Near Mint","English","foil","","2025-01-01 20:20:04.287000","136","False","False",""
"1","1","Jazal Goldmane","clb","Near Mint","English","","","2025-01-02 03:35:54.547000","697","False","False",""
"1","1","Jhoira, Weatherlight Captain","sld","Near Mint","English","foil","","2024-12-31 08:05:29.760000","1276","False","False",""
"2","2","Jodah's Avenger","tsr","Near Mint","English","foil","","2025-01-02 00:28:47.547000","72","False","False",""
"1","1","Jolrael, Voice of Zhalfir","mat","Near Mint","English","foil","","2024-12-31 08:22:30.543000","230","False","False",""
"1","1","Judge Unworthy","tsr","Near Mint","English","foil","","2024-12-30 20:24:07.727000","21","False","False",""
"1","1","Jungle Shrine","lcc","Near Mint","English","","","2025-01-02 03:20:11.470000","338","False","False",""
"1","1","Junkblade Bruiser","blb","Near Mint","English","","","2024-12-30 22:02:56.733000","220","False","False",""
"4","4","Kabira Crossroads","zen","Near Mint","English","","","2024-12-30 19:28:40.970000","216","False","False",""
"1","1","Kaldra Compleat","cmm","Near Mint","English","","","2025-01-02 03:18:57.677000","958","False","False",""
"1","1","Kangee's Lieutenant","cmr","Near Mint","English","foil","","2024-12-30 20:24:12.257000","26","False","False",""
"1","1","Karoo","plst","Near Mint","English","","","2025-01-02 03:35:14.457000","VIS-165","False","False",""
"1","1","Kayla's Music Box","brc","Near Mint","English","","","2025-01-02 03:34:38.403000","15","False","False",""
"1","1","Keeper of the Accord","plst","Near Mint","English","","","2025-01-02 03:35:14.457000","CMR-27","False","False",""
"1","1","Kenrith, the Returned King","eld","Near Mint","English","","","2024-12-30 20:24:18.053000","303","False","False",""
"1","1","Kessig Wolf Run","lcc","Near Mint","English","","","2025-01-02 03:20:11.470000","340","False","False",""
"1","1","Khalni Heart Expedition","zen","Good (Lightly Played)","English","","","2025-01-01 21:11:45.783000","167","False","False",""
"1","1","Khenra Eternal","hou","Near Mint","English","foil","","2025-01-02 01:01:00.017000","66","False","False",""
"1","1","Kindlespark Duo","blb","Near Mint","English","","","2024-12-30 21:02:10.637000","142","False","False",""
"1","1","Kindred Boon","plst","Near Mint","English","","","2025-01-02 03:35:14.457000","C17-5","False","False",""
"1","1","Kinjalli's Sunwing","lcc","Near Mint","English","","","2025-01-02 03:20:11.470000","130","False","False",""
"2","2","Kinsbaile Courier","cmr","Near Mint","English","foil","","2024-12-30 20:24:32.520000","29","False","False",""
"2","2","Kitesail Corsair","cmr","Near Mint","English","foil","","2025-01-02 00:11:26.850000","76","False","False",""
"1","1","Kitesail Skirmisher","cmr","Near Mint","English","foil","","2025-01-02 00:22:29.433000","77","False","False",""
"1","1","Klothys's Design","thb","Near Mint","English","foil","","2025-01-01 20:44:58.967000","176","False","False",""
"1","1","Knight of Sursi","tsr","Near Mint","English","foil","","2024-12-30 20:24:49.860000","22","False","False",""
"1","1","Knight of the Keep","eld","Near Mint","English","foil","","2024-12-30 20:24:54.893000","19","False","False",""
"1","1","Knight of the White Orchid","ala","Near Mint","English","","","2024-12-30 20:24:59.857000","16","False","False",""
"1","1","Knollspine Dragon","ltc","Near Mint","English","","","2025-01-02 03:16:17.650000","224","False","False",""
"1","1","Kogla, the Titan Ape","sld","Near Mint","English","foil","","2024-12-31 08:06:10.433000","1274","False","False",""
"1","1","Kor Celebrant","znr","Near Mint","English","foil","","2024-12-30 20:24:42.057000","22","False","False",""
"1","1","Kozilek, the Great Distortion","cmm","Near Mint","English","","","2025-01-02 03:18:57.677000","2","False","False",""
"1","1","Kraken Hatchling","mm3","Near Mint","English","foil","","2025-01-02 00:07:36.677000","42","False","False",""
"1","1","Lae'zel, Vlaakith's Champion","clb","Near Mint","English","","","2024-12-31 08:25:14.493000","378","False","False",""
"6","6","Lagonna-Band Storyteller","thb","Near Mint","English","foil","","2024-12-30 20:25:03.797000","27","False","False",""
"1","1","Landroval, Horizon Witness","ltr","Near Mint","English","","","2025-01-02 03:17:40.530000","21","False","False",""
"1","1","Languish","ltc","Near Mint","English","","","2025-01-02 03:16:17.650000","202","False","False",""
"1","1","Learn from the Past","ltc","Near Mint","English","","","2025-01-02 03:16:37.853000","192","False","False",""
"1","1","Legolas Greenleaf","ltc","Near Mint","English","","","2025-01-02 03:16:37.853000","40","False","False",""
"1","1","Letter of Acceptance","stx","Near Mint","English","foil","","2025-01-02 01:59:14.860000","256","False","False",""
"1","1","Lidless Gaze","ltc","Near Mint","English","","","2025-01-02 03:16:17.650000","59","False","False",""
"1","1","Lifecrafter's Bestiary","lcc","Near Mint","English","","","2025-01-02 03:20:11.470000","307","False","False",""
"2","2","Lifecrafter's Gift","cmr","Near Mint","English","foil","","2025-01-01 20:41:22.840000","240","False","False",""
"1","1","Lightning Greaves","ltc","Near Mint","English","","","2025-01-02 03:16:37.853000","281","False","False",""
"1","1","Lightning Greaves","cmm","Near Mint","English","","","2025-01-02 03:18:57.677000","398","False","False",""
"1","1","Lightning Greaves","plst","Near Mint","English","","","2025-01-02 03:35:14.457000","C19-217","False","False",""
"1","1","Lightning Greaves","sld","Near Mint","English","foil","","2024-12-31 05:36:14.483000","1493★","False","False",""
"2","2","Lightshell Duo","blb","Near Mint","English","","","2024-12-30 21:02:43.950000","56","False","False",""
"1","1","Lignify","ltc","Near Mint","English","","","2025-01-02 03:16:37.853000","252","False","False",""
"1","1","Lilysplash Mentor","blb","Near Mint","English","","","2024-12-31 06:21:37.607000","222","False","False",""
"1","1","Linvala, Keeper of Silence","sld","Near Mint","English","foil","","2024-12-30 18:30:36.563000","1289","False","False",""
"1","1","Liquimetal Torque","brc","Near Mint","English","","","2025-01-02 03:34:38.403000","145","False","False",""
"5","5","Littjara Glade-Warden","khm","Near Mint","English","foil","","2025-01-01 21:04:30.890000","182","False","False",""
"1","1","Live Fast","kld","Near Mint","English","foil","","2025-01-02 01:10:14.467000","87","False","False",""
"1","1","Living Death","ltc","Near Mint","English","","","2025-01-02 03:16:17.650000","203","False","False",""
"1","1","Llanowar Loamspeaker","dmu","Near Mint","English","foil","","2024-12-31 08:17:08.737000","428","False","False",""
"1","1","Lobelia, Defender of Bag End","ltc","Near Mint","English","","","2025-01-02 03:17:40.530000","27","False","False",""
"1","1","Lonely Sandbar","ltc","Near Mint","English","","","2025-01-02 03:16:37.853000","319","False","False",""
"1","1","Long River Lurker","blb","Near Mint","English","","","2024-12-31 05:55:50.133000","57","False","False",""
"1","1","Lord of the Nazgûl","ltc","Near Mint","English","","","2025-01-02 03:16:17.650000","60","False","False",""
"1","1","Lórien Revealed","ltr","Near Mint","English","","","2025-01-02 03:16:37.853000","60","False","False",""
"1","1","Losheel, Clockwork Scholar","brc","Near Mint","English","","","2025-01-02 03:34:38.403000","73","False","False",""
"1","1","Lossarnach Captain","ltc","Near Mint","English","","","2025-01-02 03:15:14.220000","16","False","False",""
"1","1","Lost to Legend","ltr","Near Mint","English","","","2025-01-02 03:15:14.220000","22","False","False",""
"1","1","Lothlórien Blade","ltc","Near Mint","English","","","2025-01-02 03:16:37.853000","77","False","False",""
"1","1","Lumengrid Gargoyle","cmr","Near Mint","English","foil","","2025-01-02 02:04:47.090000","321","False","False",""
"1","1","Luminous Bonds","rix","Near Mint","English","foil","","2024-12-30 20:25:12.600000","12","False","False",""
"1","1","Lyra Dawnbringer","dom","Near Mint","English","foil","","2024-12-30 18:30:53.273000","26","False","False",""
"3","3","Maalfeld Twins","cmr","Near Mint","English","foil","","2025-01-02 01:28:43.680000","132","False","False",""
"1","1","Mage-Ring Network","cmm","Near Mint","English","","","2025-01-02 03:18:57.677000","1009","False","False",""
"1","1","Mage's Attendant","clb","Near Mint","English","","","2025-01-02 03:35:54.547000","698","False","False",""
"2","2","Magnifying Glass","2xm","Near Mint","English","foil","","2025-01-02 02:02:23.250000","269","False","False",""
"1","1","Magus of the Balance","clb","Near Mint","English","","","2025-01-02 03:35:54.547000","699","False","False",""
"1","1","Majestic Heliopterus","lcc","Near Mint","English","","","2025-01-02 03:20:11.470000","131","False","False",""
"1","1","Make a Stand","cmr","Near Mint","English","foil","","2024-12-30 20:25:17.173000","32","False","False",""
"1","1","Makeshift Battalion","m21","Near Mint","English","foil","","2024-12-30 20:25:20.743000","26","False","False",""
"1","1","Makeshift Munitions","cmr","Near Mint","English","foil","","2025-01-01 23:22:57.200000","191","False","False",""
"1","1","Malakir Blood-Priest","clb","Near Mint","English","","","2025-01-02 03:35:54.547000","760","False","False",""
"1","1","Malevolent Noble","eld","Near Mint","English","foil","","2025-01-02 01:00:41.840000","95","False","False",""
"1","1","Mandibular Kite","mh3","Near Mint","English","","","2024-12-31 08:28:18.450000","34","False","False",""
"2","2","Manifold Mouse","tblb","Near Mint","English","","","2024-12-31 06:25:45.127000","18","False","False",""
"1","1","Marauding Raptor","lcc","Near Mint","English","","","2025-01-02 03:20:11.470000","228","False","False",""
"1","1","Marble Diamond","plst","Near Mint","English","","","2025-01-02 03:35:14.457000","MIR-310","False","False",""
"1","1","March of Progress","brc","Near Mint","English","","","2025-01-02 03:34:38.403000","8","False","False",""
"1","1","Mardu Strike Leader","clb","Near Mint","English","","","2025-01-02 03:35:54.547000","761","False","False",""
"1","1","Marionette Master","brc","Near Mint","English","","","2025-01-02 03:34:38.403000","109","False","False",""
"1","1","Marshal's Anthem","ltc","Near Mint","English","","","2025-01-02 03:15:14.220000","172","False","False",""
"1","1","Mask of Memory","c14","Near Mint","English","","","2025-01-02 01:56:32.340000","249","False","False",""
"1","1","Maskwood Nexus","clb","Near Mint","English","","","2025-01-02 03:35:54.547000","865","False","False",""
"2","2","Mass of Ghouls","tsr","Near Mint","English","foil","","2025-01-02 01:23:22.243000","122","False","False",""
"1","1","Master of Etherium","brc","Near Mint","English","","","2025-01-02 03:34:38.403000","86","False","False",""
"1","1","Matter Reshaper","cmm","Near Mint","English","","","2025-01-02 03:18:57.677000","806","False","False",""
"1","1","Mazemind Tome","cmm","Near Mint","English","","","2025-01-02 03:18:57.677000","959","False","False",""
"1","1","Mazemind Tome","plst","Near Mint","English","","","2025-01-02 03:35:14.457000","M21-232","False","False",""
"1","1","Meltdown","mh3","Near Mint","English","","","2024-12-31 08:50:16.263000","282","False","False",""
"1","1","Memory Theft","eld","Near Mint","English","foil","","2025-01-02 01:13:21.187000","96","False","False",""
"1","1","Mentor of the Meek","ltc","Near Mint","English","","","2025-01-02 03:17:40.530000","173","False","False",""
"1","1","Merchant Raiders","cmr","Near Mint","English","foil","","2025-01-02 00:22:52.540000","81","False","False",""
"1","1","Merciless Executioner","ltc","Near Mint","English","","","2025-01-02 03:16:17.650000","204","False","False",""
"1","1","Merry, Warden of Isengard","ltc","Near Mint","English","","","2025-01-02 03:17:40.530000","61","False","False",""
"2","2","Mesa Enchantress","m12","Near Mint","English","","","2024-12-30 20:25:25.610000","25","False","False",""
"1","1","Mesa Lynx","znr","Near Mint","English","foil","","2024-12-30 20:25:30.300000","28","False","False",""
"2","2","Metalspinner's Puzzleknot","2xm","Near Mint","English","foil","","2025-01-02 01:55:00.590000","273","False","False",""
"1","1","Metalwork Colossus","cmm","Near Mint","English","","","2025-01-02 03:18:57.677000","960","False","False",""
"1","1","Meteor Golem","cmm","Near Mint","English","","","2025-01-02 03:18:57.677000","399","False","False",""
"1","1","Meteoric Mace","cmr","Near Mint","English","foil","","2025-01-01 20:21:31.647000","192","False","False",""
"1","1","Might of Murasa","znr","Near Mint","English","foil","","2025-01-01 21:03:30.730000","194","False","False",""
